3000 5040
600 458 888 510 INTRODUCTION
931 467 933 472 ·
1152 453 1155 462 ’
1284 458 1326 523 29

144 615 226 694 ,τῆς
250 613 381 693 βουλῆς
404 608 687 699 προσετετάχατο,
713 607 801 674 ὥστε
826 606 847 689 ἦ
870 605 1028 694 γερουσία
1054 606 1176 695 άκυρος
1203 607 1239 672 ἐκ
1268 608 1327 670 τοῦ

109 750 112 755 v
169 715 385 801 δικαστηρίου
409 713 533 780 ἐκείνου
559 718 625 779 τῶν
651 711 893 802 ψηφισμάτων,
906 701 1067 797 ἐγίγνετο.
1120 709 1184 776 κάκ
1209 709 1328 776 τούτου

169 825 236 893 πᾶς
252 821 269 887 5
286 822 408 905 κόσμος
428 823 487 902 τῆς
507 818 679 888 πολιτείας
699 817 903 901 ἐταράττετο.
948 816 965 882 5
987 817 1048 900 μέν
1070 815 1134 906 γὰρ
1154 815 1327 905 Ῥαβίριος

170 923 236 990 οὐδ’
261 922 423 1007 ὠμολάγει
444 922 501 987 τόν
520 919 629 1008 φόνον,
649 917 725 984 ἀλλ’
743 918 889 1008 ἄπαρνος
904 917 952 1000 ἦν·
975 919 1009 985 οἱ
1028 919 1062 985 δὲ
1083 917 1248 1007 δήμαρχοι
1268 917 1328 997 τήν

169 1055 206 1094 τε
232 1026 332 1114 ἰσχύν
359 1026 414 1092 καὶ
441 1023 502 1108 τὴν
531 1023 668 1108 ἀξίωσιν
698 1027 756 1105 τῆς
784 1025 912 1106 βουλῆς
939 1026 1130 1089 καταλῦσαι
1156 1023 1334 1090 παντελῶς

171 1128 386 1210 ἐσπούδαζον,
418 1127 473 1193 καὶ
503 1125 656 1209 ἐξουσίαν
686 1126 812 1197 ἑαυτοῖς
840 1131 900 1192 τοῦ
930 1124 1028 1190 πάνθ’
1055 1123 1121 1191 όσα
1148 1123 1328 1203 βούλοιντο

171 1237 276 1298 ποιεῖν
303 1227 627 1319 προπαρεσκεύαζον·
654 1227 709 1295 διά
734 1227 800 1317 γάρ
827 1227 865 1310 δὴ
888 1230 944 1294 τοῦ
971 1229 1015 1295 τά
1039 1256 1076 1294 τε
1102 1231 1148 1316 τῷ
1171 1227 1328 1317 συνεδρίῳ

172 1335 314 1420 δόξαντα
330 1333 443 1401 καὶτὰ
459 1335 525 1422 πρὸ
542 1333 713 1400 τοσούτων
733 1336 814 1400 ἐτῶν
833 1332 1027 1422 πραχθέντα
1049 1333 1242 1401 εὐθύνεσθαι
1261 1337 1329 1404 τοῖς

172 1437 208 1505 τέ
230 1465 264 1504 τι
286 1441 352 1504 τῶν
373 1434 494 1520 ὁμοίων
516 1436 743 1524 ἐπιχειροῦσιν
770 1435 864 1501 ἄδεια
890 1435 1014 1502 ἐδίδοτο
1038 1437 1093 1502 καὶ
1118 1436 1154 1502 αί
1178 1435 1330 1522 τιμωρίαι

173 1538 281 1605 αὐτῶν
295 1535 499 1604 ἐκολούοντο.
543 1535 564 1618 ἦ
588 1536 645 1602 ούν
666 1536 823 1624 γερουσία
846 1536 951 1603 δεινόν
971 1537 1029 1621 μὲν
1051 1539 1107 1605 καὶ
1130 1535 1239 1607 ἄλλως
1263 1535 1330 1604 ἐνό-

172 1646 262 1727 μιζεν
287 1640 371 1710 εἶναι
397 1642 502 1731 ἄνδρα
524 1642 710 1722 βουλευτὴν
732 1639 807 1727 μήτ’
833 1641 1010 1710 ἀδικοῦντά
1032 1670 1066 1709 τι
1089 1629 1146 1709 καί
1170 1643 1202 1714 ἐς
1227 1646 1330 1729 γῆρας

173 1745 235 1829 ἤδη
251 1743 508 1834 προεληλυθότα
530 1742 743 1824 ἀπολεῖσθαι,
766 1747 887 1834 πολλῷ
904 1746 939 1812 δὲ
952 1745 991 1828 δη
1008 1750 1139 1824 μᾶλλον
1153 1744 1331 1830 ἠγανάκτει

174 1849 226 1916 ύτι
241 1849 278 1914 τό
293 1875 329 1914 τε
343 1848 530 1939 πρόσχημα
545 1850 605 1930 τῆς
619 1846 790 1919 πολιτείας
806 1846 1006 1928 διεβάλλετο
1023 1848 1077 1915 καὶ
1092 1847 1132 1914 τό
1148 1846 1331 1936 πράγματα

174 1956 242 2022 τοῖς
258 1951 479 2036 φαυλοτάτοις
494 1949 703 2037 ἐπετράπετο.
748 1947 897 2015 σπουδαί
915 1976 951 2014 τε
972 1948 1029 2015 ούν
1048 1948 1252 2038 ταραχώδεις
1275 1949 1331 2015 καὶ
1353 1984 1356 1989 <

175 2049 374 2136 φιλονεικίαι
401 2048 466 2136 άφ”
486 2049 649 2137 ἑκατέρων
673 2049 753 2139 περί
775 2078 812 2116 τε
838 2053 897 2117 τοῦ
927 2050 1150 2143 δικαστηρίου,
1181 2053 1246 2117 τῶν
1271 2050 1331 2134 μὲν

175 2155 263 2227 όπως
277 2155 323 2240 μὴ
339 2155 500 2246 συναχθῇ,
517 2157 582 2220 τῶν
603 2154 637 2221 δέ
656 2150 709 2221 ἵνα
726 2151 886 2241 καθιζὴσῃ
907 2153 1128 2234 δικαιούντων,
1149 2153 1205 2220 καὶ
1220 2152 1330 2236 ἐπειδὴ

174 2259 271 2326 τοῦτο
294 2258 350 2326 διά
370 2286 405 2325 τε
426 2259 485 2326 τόν
509 2259 667 2340 Καίσαρα
688 2257 743 2324 καὶ
766 2257 807 2323 δι’
831 2256 957 2329 ἄλλους
980 2257 1070 2328 τινάς
1092 2256 1232 2338 ἐνίκησε,
1255 2259 1334 2344 περί

176 2391 211 2430 τε
232 2366 290 2444 τῆς
311 2354 449 2448 κρίσεως
469 2360 563 2433 αὖθις
584 2361 791 2444 συνέβησαν·
814 2361 869 2426 καὶ
885 2360 926 2443 ἦν
939 2361 1002 2449 γάρ
1022 2360 1118 2432 αύτός
1139 2362 1256 2432 ἐκεῖνος
1277 2362 1333 2428 καὶ

175 2467 259 2551 μετά
275 2470 334 2533 τού
351 2465 524 2554 Καίσαρος
539 2467 596 2531 τοῦ
615 2463 760 2531 Λουκίου
781 2463 930 2545 δικάζων,
954 2464 991 2530 ού
1010 2464 1073 2549 γάρ
1095 2463 1220 2543 ἁπλῶς,
1241 2464 1334 2532 ἀλλὰ

177 2571 214 2638 τὸ
239 2568 276 2652 δὴ
298 2567 477 2654 λεγόμενον
500 2566 779 2648 περδουελλίωνος
804 2566 820 2632 5
844 2566 1015 2652 Ῥαβίριος
1038 2567 1159 2655 ἐκρίθη,
1183 2572 1333 2655 κατεψη-

178 2674 321 2760 φίσαντο
352 2671 460 2751 αύτού,
487 2669 594 2736 καίτοι
619 2669 665 2753 μη
693 2670 775 2756 πρός
799 2673 858 2737 τοῦ
884 2671 986 2754 δήμου
1016 2672 1102 2737 κατά
1130 2671 1170 2736 τὰ
1199 2670 1333 2758 πάτρια,

179 2776 274 2843 ἀλλὰ
301 2774 384 2865 πρὸς
414 2773 512 2842 αύτού
543 2778 602 2840 τοῦ
630 2777 819 2862 στρατηγοῦ
851 2773 909 2840 ούκ
939 2773 1011 2859 ἐξόν
1039 2773 1229 2863 αἱρεθέντες.
1277 2774 1334 2841 καὶ

180 2879 280 2967 ἐφῆκε
293 2875 354 2961 μὲν
373 2875 390 2942 5
407 2876 585 2962 Ῥαβίριος,
607 2875 737 2948 πάντως
759 2875 786 2941 δ’
809 2873 850 2942 άν
870 2875 925 2943 καὶ
945 2875 1039 2963 παρά
1059 2881 1106 2964 τῷ
1126 2875 1216 2962 δήμῳ
1237 2875 1332 2955 ἑάλω,

180 2981 210 3048 εί
231 2980 277 3065 μὴ
303 2979 320 3046 5
346 2977 520 3051 Μέτελλος
547 2978 564 3043 5
591 2978 700 3066 Κέλερ
727 2977 899 3060 οἰωνιστής
925 3006 961 3045 τε
985 2979 1029 3046 ὢν
1054 2980 1109 3046 καὶ
1139 2981 1334 3067 στρατηγῶν

178 3081 377 3149 ἐνεπόδισεν·
401 3079 512 3163 ἐπειδῆ
533 3079 598 3168 γάρ
620 3079 696 3147 ούτε
718 3079 832 3152 άλλως
852 3080 1019 3148 ἐπείθοντό
1035 3081 1076 3162 οἱ,
1093 3079 1130 3146 ού
1177 3078 1228 3147 ότι
1242 3081 1334 3170 παρά

179 3185 222 3252 τά
244 3175 490 3268 νενομισμέναῆ
507 3184 614 3267 κρίσις
629 3184 771 3268 ἐγεγόνει
793 3183 1016 3267 ἐνεθυμούντο,
1038 3183 1217 3272 ἀνέδραμεν
1240 3186 1272 3256 ἐς
1294 3186 1334 3254 τὸ

178 3289 381 3358 Ἰανίκουλον
402 3288 481 3374 πρὶν
499 3289 557 3356 καὶ
576 3290 687 3356 ὁτιοῦν
706 3294 796 3377 σφας
814 3289 1044 3378 ψηφίσασθαι,
1064 3291 1120 3358 καὶ
1142 3290 1180 3358 τό
1201 3295 1334 3372 σημεῖον

179 3393 216 3459 τὸ
244 3391 482 3476 στρατιωτικόν
508 3389 730 3472 κατέσπασεν,
761 3389 847 3458 ὥστε
875 3391 976 3476 μηδὲν
1005 3391 1050 3460 ἔτ’
1074 3393 1183 3467 αὐτοῖς
1213 3395 1333 3479 ἐξεῖναι

181 3492 365 3578 διαγνῶναι.

245 3598 340 3663 τοῦτο
360 3594 403 3673 δέ,
425 3593 462 3662 τό
485 3595 569 3662 κατά
590 3594 629 3661 τό
649 3601 795 3681 σημεῖον,
816 3597 942 3664 τοιόνδε
962 3598 997 3666 τί
1010 3600 1092 3666 ἐστι.
1137 3601 1276 3666 πολλῶν
1295 3599 1334 3665 τό

181 3698 321 3788 α’ρχαῐον
336 3697 506 3783 πολεμίων
520 3701 561 3783 τῇ
576 3698 675 3767 πόλει
696 3700 969 3788 προσοικούντων,
991 3701 1192 3791 φοβούμενοι
1206 3702 1334 3786 μήποτε

181 3796 467 3879 ἐκκλησιαζόντων
496 3801 593 3883 σφῶν
619 3799 703 3865 κατὰ
728 3800 805 3872 τούς
834 3800 953 3884 λόγους
979 3802 1160 3870 ἐπίθωνταί
1183 3828 1267 3873 τινες
1293 3802 1334 3886 τῇ

182 3900 281 3968 πόλει
305 3900 342 3967 τό
366 3899 566 3968 Ἰανίκουλον
590 3903 849 3984 καταλαβόντες,
874 3904 1029 3988 ἐνόμισαν
1051 3906 1097 3989 μὴ
1121 3906 1240 3976 πάντες
1266 3903 1333 3987 άμα

181 4003 398 4091 ψηφίζεσθαι,
431 4002 522 4068 ἀλλά
550 4030 641 4074 τινας
672 4003 722 4070 ἀεὶ
754 4006 910 4076 ἐνόπλους
946 4007 984 4074 τά
1014 4007 1137 4096 χωρίον
1166 4007 1267 4073 ἐκεῖνο
1298 4007 1334 4071 ἐκ

185 4107 342 4195 διαδοχῆς
360 4106 549 4193 φυλάττειν.
595 4107 652 4173 καὶ
667 4107 756 4187 αύτά,
772 4110 830 4181 ἕως
847 4111 909 4193 μὲν
928 4109 947 4192 ἦ
969 4109 1131 4192 ἐκκλησία
1150 4108 1198 4191 ἦν,
1219 4108 1335 4198 ἐφρού-

181 4236 268 4296 ρουν,
289 4207 390 4275 ὁπότε
410 4208 444 4274 δέ
466 4209 725 4293 διαλυθήσεσθαι
747 4212 872 4297 ἔμελλε,
893 4213 930 4280 τό
950 4240 987 4280 τε
1007 4217 1142 4296 σημεῖον
1162 4213 1335 4299 καθῃρεῖτο

183 4311 239 4378 καὶ
258 4310 292 4377 οἱ
312 4312 459 4399 φύλακες
482 4311 762 4394 ἀπηλλάσσοντο·
788 4312 824 4381 ού
846 4316 910 4404 γάρ
932 4317 1007 4400 ἐξῆν
1028 4315 1073 4400 μὴ
1096 4316 1335 4403 φρουρουμένου

183 4418 241 4481 τού
271 4414 396 4504 χωρίου
427 4416 549 4482 ἐκείνου
579 4414 670 4484 οὐδὲν
700 4415 749 4484 ἔτι
778 4420 1052 4508 χρηματισθῆναι.
1111 4423 1206 4486 τοῦτο
1237 4417 1272 4485 δέ
1301 4420 1336 4485 ἐν
