3000 5040
191 402 233 479 78
538 415 609 465 rao
630 415 653 465 c
675 415 828 465 aanmo
850 414 990 464 onano

191 562 361 660 publicae
383 562 556 660 periculis
579 589 665 637 cum
692 564 801 637 laude
828 590 872 637 ac
896 565 1035 637 virtute
1060 576 1231 634 versatur
1254 560 1345 657 quin

191 706 259 776 spe
282 681 509 777 posteritatis
532 682 726 779 fructuque
749 682 914 755 ducatur.
967 682 1093 778 itaque
1117 706 1202 753 cum
1219 677 1345 751 multis

191 797 273 870 aliis
293 797 342 871 de
364 799 505 871 caussis
528 801 692 873 virorum
714 801 897 874 bonorum
914 817 1060 874 mentes
1082 799 1233 872 divinae
1254 797 1345 869 mihi

193 932 306 1011 atque
331 932 505 990 aeternae
531 917 708 990 videntur
732 945 827 1009 esse,
847 936 927 992 tum
953 917 1125 1000 maxime,
1150 914 1253 1011 quod
1279 938 1345 1008 op-

192 1033 273 1106 timi
293 1049 332 1106 et
354 1034 615 1130 sapientissimi
640 1037 818 1133 cuiusque
841 1038 987 1109 animus
1011 1037 1064 1109 ita
1077 1035 1290 1131 'praesentit
1308 1034 1346 1105 in

192 1167 392 1247 posterum,
418 1169 459 1226 ut
483 1153 573 1226 nihil
598 1155 668 1226 nisi
693 1155 960 1252 sempiternum
977 1171 1146 1251 spectare
1163 1153 1344 1225 videatur.

195 1293 252 1362 30.
289 1287 517 1367 quapropter
556 1272 732 1367 equidem
765 1291 812 1363 ,et
851 1273 884 1347 C
926 1273 1025 1345 Mari
1061 1288 1101 1345 et
1138 1288 1346 1345 ceterorum

192 1385 357 1458 virorum
396 1386 754 1482 sapientissimorum
795 1414 838 1461 ac
879 1388 1163 1461 fortissimorum
1209 1387 1346 1460 civium

193 1521 349 1594 mentes,
368 1530 465 1601 quae
483 1505 573 1578 mihi
591 1507 766 1579 videntur
777 1532 826 1579 ex
837 1507 1031 1581 hominum
1040 1507 1119 1580 vita
1128 1506 1177 1579 ad
1190 1506 1346 1578 deorum

193 1621 410 1720 religionem
434 1639 473 1696 et
495 1625 779 1699 sanctimoniam
803 1626 1043 1724 demigrasse,
1063 1642 1182 1698 testor
1199 1651 1261 1697 me
1278 1648 1347 1720 pro

194 1743 340 1817 illorum
363 1745 463 1817 sama
482 1743 602 1841 gloria
625 1746 805 1819 memoria
827 1771 902 1819 non
927 1772 1035 1819 secus
1054 1771 1099 1819 ac
1124 1769 1193 1841 pro
1218 1742 1347 1840 patriis

194 1860 289 1934 sanis
315 1875 427 1957 atque
453 1858 615 1933 delubris
641 1862 954 1959 propugnandum
980 1880 1120 1958 putare,
1147 1887 1191 1935 ac
1220 1861 1252 1933 si
1280 1885 1348 1957 pro

195 1977 339 2050 illorum
367 1976 476 2049 laude
503 1977 593 2050 mihi
620 2002 726 2050 arma
751 1978 934 2074 capienda
960 1995 1096 2064 essent
1124 2003 1199 2051 non
1225 1976 1348 2049 minus

194 2111 345 2168 strenue
362 2119 543 2190 caperem,
555 2121 667 2192 quam
681 2095 732 2168 illi
745 2121 814 2192 pro
827 2097 1014 2169 communi
1028 2095 1147 2169 salute
1157 2110 1346 2191 ceperunt.

195 2212 343 2298 etenim,
363 2211 538 2305 Quirites,
557 2213 735 2310 exiguom
749 2214 857 2288 nobis
873 2216 973 2288 vitae
984 2213 1204 2287 curriculum
1218 2229 1349 2286 natura

195 2328 489 2424 circumscripsit,
509 2330 732 2403 immensum
755 2329 906 2428 gloriae.
963 2333 1037 2405 XI.
1074 2358 1149 2429 qua
1165 2357 1206 2404 re
1224 2331 1255 2403 si
1273 2355 1347 2414 eos

196 2445 260 2542 qui
278 2445 352 2518 iam
369 2446 418 2519 de
436 2446 514 2519 vita
531 2446 780 2534 decesserunt,
798 2449 1022 2536 ornabimus,
1035 2450 1226 2522 iustiorem
1242 2448 1349 2520 nobis

197 2562 326 2636 mortis
344 2562 601 2636 condicionem
620 2547 881 2662 relinquemus,
927 2567 994 2640 sed
1013 2568 1044 2640 si
1059 2564 1151 2652 illos,
1171 2566 1347 2652 Labiene,

196 2705 292 2776 quos
306 2679 380 2752 iam
391 2679 520 2752 videre
538 2704 613 2783 non
631 2706 838 2776 possumus,
852 2682 1032 2781 neglegis,
1048 2709 1095 2757 ne
1113 2683 1171 2756 his
1185 2682 1348 2779 quidem,

196 2821 291 2892 quos
309 2795 425 2885 vides,
438 2794 579 2869 consuli
597 2813 706 2893 putas
724 2800 927 2894 oportere?
971 2825 1029 2894 31.
1066 2800 1252 2873 neminem
1267 2825 1351 2873 esse

231 2971 336 3042 laudo]
358 2973 454 3027 ‘merit
462 2974 476 3041 ’,
490 2989 522 3026 as
535 2971 620 3028 osten.
799 2977 900 3031 nether
911 2978 1006 3031 world.
1044 2977 1083 3031 So
1092 2976 1208 3031 Tacitus
1226 2977 1296 3046 (Agr
1304 2975 1350 3042 46)

233 3074 286 3129 spo
332 3059 526 3127 posteritatis
572 3060 748 3130 fructuque]
800 3065 897 3121 thinks
931 3067 993 3120 that
1016 3068 1136 3136 piorum
1168 3082 1264 3119 manes
1293 3065 1352 3118 and

198 3148 288 3219 ‘hope
312 3148 344 3202 ol
363 3149 471 3203 reward
494 3148 567 3204 from
591 3151 750 3220 posterity',
800 3169 920 3222 magnae
942 3155 1055 3206 animae
1074 3154 1130 3206 will
1149 3152 1260 3206 survive
1283 3153 1313 3205 in
1334 3169 1353 3204 a

198 3252 217 3290 a
256 3236 421 3304 hendiadys.
460 3237 517 3291 For
546 3239 595 3293 the
626 3238 749 3307 genitive
801 3248 859 3292 sort
892 3239 925 3292 os
958 3240 1094 3307 Elysium
1151 3239 1205 3293 See
1242 3239 1352 3293 Zellers

200 3324 218 3392 (‘
228 3324 302 3393 hope
325 3324 357 3377 in
365 3323 382 3391 ')
405 3340 537 3394 compare
561 3324 597 3378 de
622 3324 680 3395 imp
707 3328 749 3380 Cn
801 3325 911 3379 ‘Stoics
930 3326 1105 3396 Epicureans
1126 3326 1184 3379 and
1209 3324 1352 3395 Sceptics'

200 3411 290 3480 Pomp
310 3408 324 3480 ἓ
344 3423 381 3476 44
395 3412 487 3464 anim
509 3411 633 3466 horru'm's
652 3416 700 3482 spe
719 3429 753 3466 ac
800 3431 839 3484 pp
852 3429 957 3485 204-9
970 3416 1047 3484 (Eng
1056 3412 1155 3481 trans),
1173 3417 1188 3484 J
1204 3415 1227 3466 B
1242 3415 1352 3481 Mayor,

199 3496 420 3567 nomine=hope
433 3497 462 3550 in
479 3514 533 3551 one
550 3515 618 3550 man
635 3498 752 3568 directly
802 3503 906 3557 Sketch
916 3502 949 3557 of
958 3503 1070 3557 ancient
1082 3502 1282 3571 Philosophyp
1295 3512 1351 3569 155.

199 3586 243 3641 his
255 3601 339 3639 name
351 3601 409 3638 was
420 3585 591 3638 mentioned.
836 3588 1067 3658 sempiternum]
1095 3605 1228 3659 compare
1257 3589 1293 3642 de
1322 3604 1352 3641 re

233 3672 369 3730 virorum
387 3671 545 3741 bonorum]
566 3673 621 3728 this
642 3673 751 3728 limited
801 3676 869 3745 publ
880 3687 912 3729 vr
925 3672 955 3744 ἐξ
969 3690 1009 3743 13,
1023 3689 1066 3745 25.

199 3760 269 3814 view
285 3758 317 3812 os
331 3757 514 3826 immortality
537 3759 561 3811 is
585 3760 752 3829 apparently
836 3760 909 3832 §30-
946 3761 1136 3831 religionem]
1169 3762 1298 3830 sanctity,
1320 3777 1352 3814 as

200 3846 315 3902 derived
327 3843 399 3898 from
409 3845 458 3899 the
469 3845 572 3899 ‘Stoics
592 3845 672 3914 They
684 3846 752 3900 held
801 3845 831 3899 in
844 3858 867 3899 11
881 3845 910 3898 in
926 3848 1044 3900 Verrem
1062 3857 1094 3898 1v
1109 3843 1139 3915 ἕξ
1154 3845 1197 3914 96,
1219 3860 1276 3914 109,
1295 3858 1353 3912 127,

199 3935 261 3989 that
274 3932 339 4001 only
356 3933 405 3987 the
417 3932 493 3986 souls
504 3932 535 3986 of
545 3932 593 3986 the
605 3933 682 4000 good
694 3933 751 3986 and
801 3943 854 3988 etc.

200 4022 266 4074 wise
284 4019 340 4073 will
363 4019 418 4072 last
443 4018 485 4072 till
509 4018 556 4072 the
577 4018 635 4073 end
654 4017 687 4072 of
703 4018 752 4072 the
791 4057 795 4065 -
836 4019 1008 4089 iustiorem]
1029 4036 1107 4074 more
1119 4021 1289 4088 favourable,
1298 4020 1353 4073 like

199 4110 286 4164 world
299 4108 328 4162 in
347 4108 396 4162 the
413 4108 528 4176 general
540 4107 750 4176 conflagration.
801 4109 869 4176 (Ter
876 4108 956 4161 Andr
964 4107 1008 4176 36)
1018 4108 1096 4160 iusto
1103 4114 1130 4162 et
1136 4108 1254 4161 clemens
1264 4106 1354 4160 servi-

201 4198 296 4251 Those
311 4196 343 4249 ol
359 4196 407 4251 the
420 4195 479 4250 bad
498 4194 555 4248 and
570 4194 673 4249 foolish
686 4195 752 4261 only
801 4199 855 4247 tus.
1017 4261 1019 4264 Α

201 4285 256 4339 last
277 4300 295 4338 a
315 4283 393 4337 short
409 4282 477 4336 time
491 4281 563 4335 after
579 4281 674 4348 death,
694 4281 752 4334 and
837 4279 1056 4349 condicionem]
1080 4296 1128 4334 see
1141 4275 1203 4347 0n§
1234 4291 1257 4348 5.

201 4371 353 4427 meantime
389 4387 436 4424 are
472 4369 613 4439 punished
643 4368 671 4421 in
702 4368 751 4422 the
