3000 5040
539 375 628 425 cnsp
651 374 690 424 1v
712 374 736 422 v
765 359 804 444 ἓξ
831 371 952 440 13-15
1281 374 1321 438 59

168 545 358 597 Pnuurro:
384 547 481 620 quae
506 522 630 606 verba,
652 520 827 615 Quirites,
854 521 927 592 iam
952 518 1098 616 pridem
1121 519 1159 591 in
1185 519 1254 592 hac
1282 545 1321 594 re

167 637 315 735 publica
334 662 408 711 non
425 635 546 710 solum
565 636 728 709 tenebris
747 636 953 721 vetustatis
966 660 1096 708 verum
1114 636 1227 709 etiam
1240 634 1322 708 luce

168 756 348 830 libertatis
365 780 545 852 oppressa
562 770 658 827 sunt.

243 873 291 947 V.
349 896 402 964 14.
440 873 504 945 An
528 898 630 958 vero,
650 872 681 944 si
702 872 890 946 actio-ista
907 870 1096 967 popularis
1115 885 1216 943 esset
1233 885 1271 943 et
1289 870 1320 942 si

167 989 279 1064 ullam
303 1007 448 1087 partem
471 990 668 1087 aequitatis
693 988 848 1061 haberet
871 1003 935 1060 aut
959 987 1056 1079 iuriS,
1079 988 1110 1061 C
1130 986 1321 1061 Gracchus

168 1135 252 1182 eam
270 1107 510 1205 reliquisset?
547 1108 686 1180 scilicet
701 1108 767 1180 tibi
785 1106 996 1204 graviorem
1015 1104 1181 1179 dolorem
1199 1106 1321 1201 patrui

168 1228 221 1301 tui
239 1253 339 1301 mors
353 1226 475 1300 attulit
493 1252 605 1323 quam
626 1227 657 1299 C
676 1225 846 1299 Graccho
865 1225 996 1310 fratris,
1016 1241 1054 1298 et
1071 1225 1138 1298 tibi
1156 1225 1323 1298 acerbior

169 1343 248 1417 eius
273 1345 395 1440 patrui
420 1369 520 1416 mors
544 1359 613 1432 est,
633 1332 744 1440 quem
764 1368 965 1439 numquam
984 1342 1120 1427 vidisti,
1140 1368 1252 1439 quam
1271 1341 1321 1415 illi

168 1461 247 1534 eius
279 1460 411 1546 fratris,
440 1461 589 1556 quicum
620 1459 908 1533 concordissime
939 1459 1094 1544 vixerat,
1126 1473 1164 1531 et
1194 1459 1322 1532 similis

168 1576 238 1649 viri
257 1591 297 1650 tu
315 1576 501 1650 ulcisceris
520 1576 640 1672 patrui
660 1591 818 1648 mortem
837 1590 948 1672 atque
967 1573 1026 1648 ille
1038 1591 1322 1672 persequeretur

170 1692 290 1768 fratris
314 1695 381 1785 sui,
402 1695 433 1767 si
452 1696 523 1768 ista
541 1694 683 1767 ratione
700 1719 814 1791 agere
831 1692 1019 1778 voluisset,
1039 1708 1077 1765 et
1095 1719 1162 1789 par
1178 1693 1321 1767 deside-

168 1813 263 1885 rium
290 1814 345 1885 sui
372 1812 520 1910 reliquit
545 1811 644 1908 apud
675 1809 853 1906 populum
888 1811 1100 1883 Romanum
1134 1810 1322 1883 Labienus

169 1929 248 2015 iste,
273 1946 425 2027 patruos
448 1947 581 2020 vester,
602 1929 769 2026 quisquis
796 1926 874 2013 fuit,
893 1953 937 2001 ac
961 1927 1010 1999 Ti
1030 1926 1222 2000 Gracchus
1241 1926 1322 1999 reli-

168 2047 328 2143 querat?
370 2072 418 2121 an
448 2048 567 2144 pietas
598 2063 663 2119 tua
691 2046 808 2119 maior
837 2071 950 2142 quam
981 2046 1013 2119 C
1044 2044 1236 2118 Gracchi?
1274 2070 1322 2118 an

169 2162 342 2236 animus?
373 2188 419 2235 an
446 2162 671 2236 consilium?
706 2188 753 2234 an
781 2161 901 2259 opes?
936 2186 983 2233 an
1010 2160 1240 2235 auctoritas?
1273 2187 1322 2235 an

170 2279 409 2377 eloquentia?
436 2307 533 2379 quae
551 2282 581 2354 si
601 2282 637 2353 in
657 2281 719 2354 illo
738 2282 891 2353 minima
909 2280 1074 2367 fuissent,
1090 2297 1215 2354 tamen
1233 2307 1323 2378 prae

170 2397 242 2470 tuis
270 2398 504 2472 facultatibus
538 2399 700 2471 maxima
735 2415 963 2495 putarentur.
1023 2422 1075 2492 15.
1114 2424 1198 2471 cum
1233 2423 1323 2472 vero

160 2582 293 2651 fructum
299 2585 414 2654 ferunt,
431 2584 523 2638 where
534 2584 571 2637 he
584 2599 677 2638 seems
690 2573 720 2637 to
771 2596 803 2651 52
807 2595 820 2651 5
835 2582 920 2637 infers
933 2583 994 2636 that
1008 2584 1150 2638 Labienus
1166 2585 1224 2637 had
1243 2600 1322 2639 some

169 2671 299 2726 combine
312 2672 359 2726 the
372 2681 426 2726 two
438 2671 594 2740 meanings.
770 2671 885 2725 brother
906 2689 938 2725 or
957 2672 1055 2725 cousin
1078 2672 1243 2741 supporting
1262 2673 1321 2725 him

204 2755 393 2827 suspendito]
419 2774 451 2811 so
476 2759 536 2812 Tac
569 2758 656 2811 Germ
689 2771 720 2808 12
771 2758 800 2811 in
825 2759 881 2811 this
912 2757 1082 2811 accusation,
1128 2759 1190 2812 The
1220 2774 1269 2812 use
1294 2757 1327 2811 of

164 2842 323 2912 proditores
340 2851 369 2899 et
387 2846 555 2914 transfugas
575 2843 722 2897 arboribus
771 2850 964 2898 vester=tnus
979 2844 1002 2897 is
1022 2853 1071 2897 not
1089 2844 1177 2898 found
1195 2844 1236 2898 till
1256 2845 1323 2914 long
1391 2864 1394 2870 ·

168 2931 349 2999 suspendunt.
389 2932 479 2984 Klotz.
771 2929 842 2983 after
854 2930 901 2983 the
914 2930 982 2983 time
995 2930 1027 2983 of
1038 2929 1143 2983 Cicero.

202 3016 270 3073 luce
278 3016 445 3089 libertatis]
464 3019 511 3073 the
522 3017 683 3087 expression
696 3015 720 3069 is
807 3015 890 3085 opes]
908 3017 969 3070 that
982 3016 1014 3085 is,
1027 3033 1081 3069 can
1093 3032 1148 3083 you
1161 3033 1247 3085 argue
1260 3017 1322 3071 that

169 3105 239 3158 used
258 3104 415 3159 elsewhere.
454 3106 507 3159 See
523 3117 547 3158 11
561 3105 590 3158 in
602 3106 720 3159 Verrem
774 3103 919 3156 Gracchus
932 3103 998 3172 only
1011 3104 1137 3179 dropped
1157 3103 1205 3158 the
1220 3114 1322 3158 matter

167 3189 214 3262 v§
230 3190 286 3244 160.
499 3180 502 3187 ’
771 3191 892 3245 because
913 3191 949 3244 he
973 3191 1022 3244 did
1046 3201 1097 3244 not
1121 3191 1175 3245 feel
1200 3209 1264 3246 sure
1293 3192 1326 3246 of

204 3275 218 3346 ἕ
234 3293 272 3344 14.
297 3277 391 3349 aetio]
410 3279 581 3349 ‘procedure
591 3279 607 3346 ²,
618 3277 659 3332 viz
672 3277 720 3331 the
771 3278 877 3347 having
889 3278 1026 3332 sufficient
1040 3288 1165 3348 support,
1173 3280 1255 3333 while
1267 3297 1322 3349 you

169 3365 333 3435 antiquated
357 3382 411 3420 one
435 3365 468 3420 ot'
488 3366 535 3420 the
559 3364 718 3419 duremuirt'.
770 3366 862 3434 have,
877 3367 933 3420 and
946 3382 977 3419 so
990 3367 1063 3420 need
1080 3377 1129 3420 not
1143 3367 1218 3420 draw
1230 3368 1322 3422 back?

170 3450 249 3522 See&
264 3463 303 3517 17.
805 3450 1167 3518 tuissent...putarentur]
1187 3470 1321 3522 compare

202 3537 388 3609 reliquisset]
404 3540 477 3594 have
495 3539 543 3594 left
560 3537 719 3605 unnoticed,
769 3538 905 3608 philippic
918 3550 976 3591 v111
994 3535 1008 3606 ἓ
1024 3552 1055 3604 14
1067 3555 1132 3609 ergo
1144 3540 1321 3610 istibicivis‚

170 3621 333 3693 ‘neglected
341 3624 357 3678 ’.
383 3627 523 3694 Compare
537 3624 572 3678 de
585 3625 624 3677 fin
637 3637 647 3677 1
661 3620 675 3692 ἓ
687 3624 718 3676 18
769 3625 798 3677 si
807 3625 978 3692 temporibus
990 3624 1051 3677 illis
1058 3625 1175 3694 fuisses,
1190 3644 1245 3680 non
1252 3630 1321 3696 bro·

170 3712 227 3765 and
240 3709 379 3780 Madvig's
393 3721 466 3765 note.
769 3712 890 3779 baretur,
904 3711 973 3779 Livy
982 3722 1016 3763 lx
1033 3708 1086 3780 19§
1097 3724 1110 3780 5
1120 3713 1223 3766 Persas
1234 3714 1322 3768 Indos

203 3796 444 3868 persequeretur]
466 3813 598 3866 compare
611 3796 647 3851 de
660 3797 718 3866 imp
769 3798 896 3866 aliasque
909 3799 938 3849 si
954 3797 1132 3851 adiunxisset
1146 3805 1253 3868 gentes,
1268 3802 1321 3853 im-

170 3887 212 3941 Cn
226 3888 315 3954 Pomp
328 3883 343 3955 5
358 3900 386 3938 11
405 3887 452 3939 ius
467 3885 618 3956 legationis
637 3885 718 3938 verbo
762 3883 955 3953 pede'rnentum
968 3884 1063 3936 maius
1074 3901 1159 3953 quarn
1177 3886 1320 3940 auxilium

169 3974 309 4028 uiolatum
329 3972 378 4026 illi
389 3975 533 4044 persecuti
553 3981 641 4028 sunt:
668 3992 719 4028 vos
769 3970 897 4023 traheret.
936 3970 989 4023 See
1015 3970 1155 4038 Madvig²s
1178 3988 1321 4039 grammar

168 4059 293 4130 legatum
305 4059 386 4112 omni
391 4060 530 4129 supplicio
542 4060 718 4129 interfectum
767 4053 782 4126 ᾖ
795 4068 844 4124 347
858 4056 877 4109 b
890 4056 941 4109 obs
955 4070 978 4107 2.

169 4145 357 4216 relinquetis?
802 4141 1319 4218 11111111τὶ1111](τεεουκεεζιηεεηε,

202 4230 317 4302 vester]
335 4230 407 4286 from
415 4233 464 4288 the
475 4249 525 4287 use
532 4232 565 4287 os
573 4232 628 4286 this
640 4234 718 4287 word
768 4248 884 4301 powers,
897 4231 1025 4286 abilities.
1064 4235 1204 4303 Compare
1217 4236 1254 4289 ad
1269 4238 1320 4292 Att

167 4319 234 4374 here
255 4318 312 4372 and
328 4317 357 4370 in
374 4314 403 4386 ἓξ
421 4333 463 4387 22,
485 4334 527 4387 23,
542 4319 679 4374 Husdske
698 4335 718 4386 p
768 4334 804 4374 111
821 4316 879 4387 1οὲ
892 4334 909 4373 2
921 4320 1203 4390 tantisfacultatibus
1214 4324 1319 4394 ingeni,
