3000 5040
238 392 279 463 82.
586 402 657 452 Pno
681 402 702 454 c
726 402 881 453 ununuo
904 403 1043 454 otmaro

232 552 388 651 accipiat
421 553 543 626 famae
573 551 708 627 volnus
740 552 1010 650 perhorrescit:
1045 578 1158 651 quem
1191 561 1393 653 numquam

234 671 461 744 incursiones
488 670 651 744 hostium
679 669 762 745 loco
797 696 950 744 movere
985 687 1197 766 potuerunt,
1228 674 1259 746 is
1295 699 1393 747 nunc

234 788 413 884 impetum
438 789 585 877 civium,
610 790 664 863 cui
689 791 898 862 necessario
922 789 1132 863 cedendum
1151 810 1218 879 est,
1239 792 1392 888 perhor-

234 909 353 984 rescit.

311 1045 367 1118 37.
405 1047 528 1121 aeque
554 1049 577 1097 a
602 1023 710 1098 vohis
738 1024 809 1097 iam
836 1024 933 1096 bene
960 1024 1120 1112 vivendi,
1140 1025 1206 1099 sed
1234 1026 1391 1101 honeste

235 1147 417 1221 moriendi
445 1144 660 1220 facultatem
684 1148 804 1243 petit:
844 1172 965 1244 neque
994 1162 1070 1220 tam
1098 1165 1141 1220 ut
1176 1150 1289 1223 domo
1324 1176 1393 1223 sua

234 1265 375 1336 fruatur
387 1291 499 1362 quam
519 1287 565 1336 ne
583 1262 703 1360 patrio
720 1262 889 1361 sepulcro
908 1264 1075 1360 privetur
1091 1264 1245 1340 laborat.
1301 1266 1390 1339 nihil

234 1381 341 1456 alc'ual
353 1384 427 1456 iam
445 1408 513 1456 vos
532 1399 613 1456 orat
631 1400 742 1480 atque
760 1385 933 1470 obsecrat,
947 1384 1018 1456 nisi
1036 1384 1089 1456 uti
1110 1410 1154 1457 nc
1170 1411 1207 1458 sc
1222 1384 1390 1483 legitimo

234 1498 359 1572 funere
375 1508 408 1571 ct
424 1499 629 1573 domestica
645 1509 760 1573 mortc
775 1501 940 1596 privetis
954 1515 994 1572 ut
1006 1526 1102 1588 eum,
1114 1502 1182 1594 qui
1192 1527 1260 1597 pro
1271 1503 1391 1598 patria

234 1615 379 1691 nullum
403 1639 580 1711 umquam
603 1617 734 1688 mortis
745 1614 952 1710 periculum
971 1615 1076 1712 fugit,
1097 1617 1138 1688 z'u
1156 1617 1276 1712 patria
1295 1618 1388 1690 mori

233 1733 438 1829 patiamini.
844 1719 847 1725 ⁴

309 1853 367 1942 38.
404 1850 482 1923 dixi
505 1850 553 1924 ad
577 1850 615 1923 id
639 1865 797 1945 tempus,
823 1851 925 1948 quca'
944 1851 1033 1923 mihi
1059 1878 1082 1924 a
1103 1852 1251 1925 tribuno
1269 1851 1388 1948 plebis

232 1966 484 2062 praestitutum
502 1983 580 2041 est:
607 1993 630 2040 a
647 1967 757 2040 vobis
765 1975 848 2062 pcto
866 1993 1092 2064 quaesoque,
1105 1984 1146 2040 ut
1164 1968 1256 2041 hauc
1272 1995 1388 2041 mcam

232 2083 480 2156 defensionem
497 2106 565 2180 pro
582 2083 690 2155 amici
709 2083 870 2178 pericula
876 2082 1050 2180 fidelem,
1064 2107 1131 2178 pro
1149 2084 1202 2156 rei
1219 2082 1388 2180 publicae

232 2199 346 2273 salutc
361 2198 592 2273 consularem
610 2200 752 2296 putatis,

305 2394 360 2468 aa'
381 2395 547 2491 aliquam
577 2395 746 2467 lacunam
779 2392 890 2466 lcuc'us
923 2390 1100 2465 arumnis
1123 2391 1387 2487 fragmentum

221 2513 393 2611 pertinet,
420 2511 519 2606 quad
545 2511 699 2583 Scuuc'us
723 2508 777 2582 aa'
806 2509 907 2606 Vcrg
923 2510 1011 2582 Aca
1037 2510 1051 2580 l
1079 2532 1120 2600 13
1139 2508 1300 2580 scruam't
1327 2508 1387 2581 luis

231 2630 355 2703 acubus.
403 2630 556 2702 Cicero
573 2654 652 2724 pro
672 2626 868 2714 Rabirio;
898 2635 1045 2699 ‘etcum
1058 2625 1233 2698 universo
1247 2624 1386 2721 populo

236 2747 407 2821 Romano
425 2761 504 2818 tum
523 2772 614 2818 vero
632 2742 794 2841 equestri
813 2743 932 2816 ordini
950 2741 1062 2840 longe
1080 2742 1290 2815 carissimus
1303 2740 1320 2814 ’.

230 2931 279 2987 the
297 2941 372 2987 most
393 2931 426 2987 of
441 2949 459 2986 a
477 2933 595 2988 scratch.
637 2933 718 2987 Klotz
737 2949 782 2986 re·
832 2932 929 3000 Aryan
943 2930 1201 2997 Householdccu,
1217 2942 1260 2983 111.
1288 2929 1386 2983 Cicero

230 3021 324 3074 marks
340 3021 402 3074 that
416 3022 464 3076 the
480 3030 534 3076 two
550 3020 642 3075 words
659 3021 691 3074 os
708 3022 783 3075 Hor·
831 3022 929 3074 makes
957 3037 975 3072 a
1002 3019 1109 3072 similar
1140 3019 1243 3088 appeal
1275 3017 1304 3070 in
1333 3034 1384 3087 pro

230 3105 344 3161 tensius’
358 3106 460 3176 speech
472 3107 621 3176 preserved
633 3107 670 3175 by
683 3107 782 3162 Chari·
833 3107 934 3160 Cluent
947 3102 961 3174 ἕ
974 3120 1034 3171 201,
1047 3123 1098 3175 pro
1112 3107 1190 3160 Sulla
1203 3105 1217 3177 5
1235 3109 1277 3176 89.

230 3192 288 3247 sius
301 3209 349 3246 are
363 3191 539 3246 ‘cicatricum
549 3194 700 3246 mearum'.
866 3192 899 3247 in
924 3190 1039 3260 patria]
1050 3211 1055 3219 ·
1068 3192 1125 3246 this
1155 3193 1179 3246 is
1203 3193 1317 3248 worked
1346 3213 1384 3264 up

265 3277 280 3349 5
292 3293 334 3346 37.
369 3278 470 3345 pauno
482 3276 630 3348 sepulcro]
643 3289 672 3333 to
684 3280 720 3333 be
730 3280 781 3333 de·
831 3296 909 3333 more
939 3280 1110 3350 elaborately
1137 3280 1167 3333 in
1193 3298 1245 3351 pro
1277 3283 1330 3336 Mil
1355 3281 1386 3352 ἓξ

230 3369 327 3438 prived
340 3367 372 3421 of
380 3367 436 3421 this
448 3385 505 3421 was
520 3384 538 3420 a
556 3368 662 3422 serious
679 3378 781 3422 matter
830 3382 926 3436 93-4„

230 3457 259 3511 in
275 3456 388 3510 ancient
407 3455 497 3508 times.
537 3457 590 3509 See
611 3456 724 3509 Servius
743 3456 780 3510 ad
866 3451 940 3524 538.
981 3466 1035 3519 pro
1054 3452 1146 3510 amici
1163 3453 1308 3526 periculo]
1332 3474 1384 3526 pro

230 3545 307 3611 Verg
325 3542 388 3595 Aen
409 3553 428 3593 v
448 3540 491 3609 64,
517 3554 548 3594 VI
574 3554 632 3610 152,
658 3540 780 3596 Hearn's
830 3540 978 3612 Mur§10.
