3000 5040
581 404 649 454 cn
673 403 698 452 x
727 387 766 474 §l
781 405 910 474 27-29
1279 409 1321 478 77

170 555 238 630 sed
266 556 298 630 C
328 554 471 628 Marius
498 553 609 640 dedit,
636 554 810 652 idemque
835 553 999 642 violavit,
1024 556 1056 630 si
1083 558 1120 630 in
1147 557 1220 632 fide
1246 583 1322 632 non

170 673 283 746 stetit.
337 697 433 770 quae
468 671 571 756 fides,
604 670 780 757 Labiene,
809 672 873 768 qui
908 673 1030 768 potuit
1063 674 1144 747 sine
1171 690 1322 748 senatus

171 789 340 864 consulto
358 789 462 863 dari?
504 788 649 862 adeone
668 788 805 884 hospes
825 814 865 861 es
884 789 1036 863 huiusce
1051 792 1162 878 urbiS,
1178 791 1322 866 adeone

170 908 320 1006 ignarus
351 905 567 1005 disciplinae
598 907 950 1004 consuetudinisque
976 925 1134 1000 nostrae,
1163 926 1204 983 ut
1230 910 1322 984 haec

171 1025 322 1111 nescias
351 1041 393 1098 ut
419 1023 646 1121 peregrinari
679 1024 715 1095 in
745 1023 865 1096 aliena
895 1025 1054 1111 civitate,
1086 1051 1161 1099 non
1192 1026 1229 1099 in
1258 1042 1324 1100 tua

170 1141 426 1239 magistratum
457 1166 587 1239 gerere
621 1140 802 1214 videare?
856 1166 912 1233 29.
949 1143 1039 1237 quid
1074 1143 1147 1215 iam
1183 1145 1255 1217 ista
1289 1146 1321 1219 C

172 1258 305 1344 Mario,
332 1258 460 1355 inquit,
487 1283 619 1331 nocere
646 1273 813 1354 possunt,
840 1258 1017 1353 quoniam
1043 1285 1155 1332 sensu
1183 1276 1220 1334 et
1243 1262 1321 1336 vita

169 1373 299 1448 caret?
350 1375 450 1448 itane
464 1373 584 1447 vero?
610 1375 722 1447 tantis
748 1375 785 1446 in
802 1372 993 1447 laboribus
1012 1376 1043 1449 C
1065 1377 1208 1450 Marius
1226 1379 1321 1475 peri-

168 1491 334 1590 culisque
361 1491 527 1578 vixisset,
555 1493 586 1564 si
615 1491 704 1565 nihil
731 1491 878 1589 longius
907 1519 1019 1590 quam
1047 1495 1147 1569 vitae
1174 1497 1321 1570 termini

169 1609 415 1707 postulabant,
442 1635 509 1706 spe
532 1625 644 1706 atque
669 1610 794 1683 animo
821 1610 928 1683 dese
947 1628 984 1684 et
1001 1611 1120 1709 gloria
1137 1639 1204 1686 sua
1222 1615 1321 1711 cogi-

169 1729 314 1802 tasset?
365 1745 404 1802 at
436 1728 558 1817 cred0,
585 1754 668 1800 cum
698 1728 975 1802 innumerabilis
1006 1730 1168 1803 hostium
1195 1731 1320 1828 copias

170 1847 207 1919 in
239 1845 346 1920 ltalia
373 1846 531 1919 fudisset
558 1861 670 1941 atque
699 1844 893 1918 obsidione
921 1872 998 1919 rem
1024 1848 1208 1943 publicam
1232 1849 1321 1923 libe-

168 1978 295 2049 rasset,
325 1963 450 2036 omnia
479 1988 547 2034 sua
582 1986 707 2034 secum
742 1986 817 2033 una
847 1963 1029 2036 moritura
1062 1965 1318 2041 arbitrabatur.

169 2108 244 2157 non
271 2098 328 2156 est
353 2083 411 2168 ita,
438 2081 625 2176 Quirites:
654 2105 775 2175 neque
798 2079 994 2176 quisquam
1021 2098 1187 2155 nostrum
1213 2083 1249 2156 in
1268 2083 1320 2157 rei

203 2259 268 2316 sine
284 2260 410 2315 senalus
427 2256 576 2320 consulto]
602 2274 649 2310 see
665 2256 720 2311 last
769 2256 807 2323 by
833 2256 937 2310 Sallust
961 2256 1022 2309 Cat·
1035 2269 1064 2326 51
1087 2256 1101 2327 5
1126 2273 1160 2310 20
1183 2258 1217 2311 de
1227 2262 1322 2328 paena

168 2357 242 2400 note.
278 2345 349 2400 This
368 2345 501 2412 isavery
517 2361 587 2414 poor
603 2343 724 2414 pieceos
762 2349 918 2415 perstemus
935 2345 1063 2412 equidem
1079 2345 1177 2411 dicere,
1199 2345 1326 2415 idquad

169 2442 324 2503 argument,
332 2432 375 2485 for
386 2432 465 2486 there
478 2448 531 2485 can
541 2431 576 2484 be
586 2447 623 2483 no
632 2428 721 2483 doubt
769 2451 813 2487 res
831 2432 920 2499 habet,
946 2433 977 2485 in
1002 2433 1079 2487 luctu
1097 2438 1183 2503 atque
1200 2435 1323 2488 miseriis

169 2521 230 2576 that
258 2523 300 2591 (as
325 2522 490 2574 Hotomann
509 2520 576 2588 long
602 2536 656 2587 ago
680 2535 721 2572 re·
769 2526 885 2572 martem
905 2536 1110 2572 aerumnarum
1126 2521 1248 2590 requiem
1264 2519 1321 2574 nair

168 2609 295 2677 marked)
320 2627 358 2663 no
383 2608 488 2663 further
517 2607 720 2661 authorization
768 2608 926 2662 cruciatum
938 2624 1001 2673 esse,
1015 2624 1077 2660 eam
1096 2615 1197 2662 carecta
1216 2614 1320 2663 marta·

168 2712 225 2750 was
238 2695 355 2762 needed,
370 2695 408 2748 all
424 2694 494 2748 such
510 2709 617 2763 powers
636 2692 721 2761 being
769 2695 842 2747 lium
862 2695 939 2748 enula
956 2695 1116 2763 dissolvere,
1134 2695 1211 2750 ultra
1231 2713 1321 2765 neque

169 2783 300 2837 included
318 2783 347 2835 in
365 2782 413 2835 the
430 2787 519 2835 sctum
539 2781 681 2846 ultimam,
700 2779 724 2832 if
769 2798 853 2834 carae
877 2799 971 2851 tneque
995 2782 1106 2852 gaudia
1136 2783 1227 2836 lacum
1257 2801 1320 2838 esse.

168 2872 230 2925 that
243 2889 311 2925 were
322 2871 403 2926 valid.
771 2869 847 2923 Such
866 2885 922 2921 was
939 2869 987 2922 the
1007 2869 1165 2938 Epicurean
1184 2861 1262 2937 view,
1278 2869 1322 2923 for

203 2953 543 3023 hospes...1leregrinari]
570 2955 627 3008 this
652 2964 718 3010 tone
769 2955 859 3008 which
890 2970 937 3008 see
965 2953 1110 3009 Lucretius
1141 2967 1176 3008 111
1200 2957 1320 3024 passim.

169 3060 260 3099 seems
276 3052 306 3096 to
318 3044 390 3097 have
405 3044 477 3097 been
488 3041 565 3096 often
582 3042 668 3096 taken
681 3043 719 3112 by
770 3043 824 3096 See
843 3041 903 3094 also
921 3057 972 3110 pro
992 3041 1092 3094 Cluent
1110 3039 1139 3110 ἓξ
1161 3055 1200 3107 10,
1223 3055 1279 3108 171.

170 3134 281 3186 Roman
300 3131 440 3201 speakers.
479 3131 564 3184 From
576 3147 628 3199 pro
642 3132 720 3185 Sulla
803 3126 949 3184 tanliein
964 3125 1117 3183 laboribus
1134 3126 1191 3196 etc]
1223 3129 1321 3184 Cicero

168 3217 305 3290 §522—5,
319 3219 423 3274 Sallust
442 3219 495 3272 Cat
507 3231 539 3284 31
555 3215 569 3287 5
581 3230 606 3284 7,
616 3236 660 3272 we
673 3235 719 3272 see
769 3217 793 3271 is
806 3217 874 3270 fond
884 3217 916 3271 ol
924 3217 1023 3285 taking
1034 3216 1092 3270 this
1105 3217 1179 3282 line;
1198 3219 1220 3272 it
1229 3235 1321 3273 seems

168 3309 229 3362 that
238 3305 604 3362 Cicerohadbeenhimself
612 3307 719 3361 twitted
768 3313 798 3359 to
822 3304 896 3358 have
921 3304 994 3358 been
1012 3321 1066 3357 one
1089 3305 1122 3358 ol
1142 3304 1186 3359 his
1211 3308 1322 3378 regular

168 3395 234 3449 with
246 3395 361 3462 beinga
374 3394 489 3448 denizen
501 3394 596 3448 rather
614 3395 683 3447 than
702 3411 720 3447 a
769 3393 1004 3461 commonplaces.
1068 3393 1121 3448 See
1140 3410 1191 3462 pro
1214 3395 1321 3449 Archia

168 3483 273 3537 citizen.
310 3481 390 3536 With
405 3482 453 3536 the
469 3491 582 3550 present
599 3497 719 3551 passage
768 3475 797 3547 ἓξ
822 3479 933 3546 28—30,
954 3496 1006 3549 pro
1026 3479 1119 3534 Sestio
1143 3479 1158 3550 ἓ
1180 3494 1224 3548 47,
1245 3483 1321 3536 Tusc

168 3588 300 3642 compare
319 3571 354 3624 de
369 3578 430 3623 orat
449 3581 460 3622 1
479 3566 493 3638 ὅ
512 3582 564 3637 249
582 3586 634 3622 cur
653 3584 719 3638 erga
768 3568 832 3636 disp
845 3581 855 3620 1
868 3565 897 3637 ἐξ
911 3581 1004 3636 32-5.

168 3677 224 3713 nan
244 3659 332 3712 eidem
357 3657 388 3710 in
413 3658 476 3711 iure
494 3655 719 3710 civili„....satis
803 3653 836 3709 in
855 3653 961 3723 Ituna]
982 3654 1116 3723 referring
1125 3664 1154 3709 to
1167 3657 1215 3710 the
1228 3656 1321 3712 defeat

169 3746 304 3801 instructi
337 3761 393 3798 esse
418 3747 574 3813 passumus
602 3743 645 3796 aa'
669 3743 720 3797 lrac
769 3741 801 3794 of
809 3731 857 3795 the
871 3742 977 3795 Cimbri
994 3759 1062 3796 near
1075 3744 1220 3799 Vercellae
1233 3745 1261 3798 in
1276 3756 1320 3799 BC

168 3832 326 3898 dumtaxat,
339 3848 373 3884 ne
384 3831 416 3884 in
430 3835 525 3883 nostra
531 3830 634 3897 patria
639 3831 719 3897 pere·
772 3846 828 3885 101.

163 3917 720 3992 griniatqueadvenaeesseve'eieamur?
805 3915 974 3985 obsidione]
1011 3918 1060 3972 the
1089 3919 1167 3972 word
1197 3919 1221 3973 is
1251 3920 1321 3973 used

168 4007 249 4061 Acad
266 4018 276 4059 1
293 4002 308 4074 ἓ
323 4019 349 4074 9,
367 4005 403 4058 ad
419 4005 469 4058 Att
487 4015 518 4056 1v
538 4017 568 4069 13
586 4001 600 4073 ἓ
617 4017 641 4070 2,
658 4013 688 4054 V1
703 4016 733 4069 3.
769 4004 890 4058 because
912 4004 960 4057 the
982 4003 1082 4058 inroad
1099 4004 1131 4057 of
1148 4005 1196 4059 the
1215 4005 1321 4060 Cimbri

168 4093 182 4165 ἓ
194 4108 218 4161 4
769 4088 827 4142 had
857 4088 928 4141 been
956 4090 1042 4157 really
1066 4090 1225 4159 equivalent
1249 4100 1278 4146 to
1304 4111 1322 4147 a

204 4179 272 4252 §zo
310 4178 383 4246 quid
403 4178 558 4247 iam...etc]
588 4196 720 4249 compare
767 4175 915 4230 tzereeultus¹
933 4177 1067 4243 Gallicus,
1081 4177 1171 4231 which
1192 4197 1249 4233 was
1266 4189 1320 4234 tra·

168 4268 217 4323 the
237 4267 329 4320 words
353 4274 404 4335 put
424 4265 484 4320 into
506 4265 555 4321 the
573 4265 673 4318 mouth
693 4265 726 4318 of
768 4265 919 4332 ditionally
935 4264 1003 4318 held
1016 4273 1045 4319 to
1061 4277 1153 4319 create
1166 4283 1184 4320 a
1201 4276 1273 4321 state
1292 4269 1325 4322 os

170 4356 276 4410 Caesar
304 4352 383 4421 (then
405 4353 541 4424 pontifex
566 4351 720 4420 maximus)
768 4352 852 4426 siege.
891 4352 945 4405 See
957 4351 1091 4421 philippic
1104 4351 1201 4424 v111§§
1213 4369 1290 4421 2—4.
