3000 5040
183 428 224 495 72
529 425 599 475 PRO
622 425 643 475 C
666 424 820 477 RABIRIO
843 424 983 477 ORATIO

182 576 269 650 est?
323 600 342 647 2
347 597 380 667 3.
418 574 591 671 equidem
617 574 687 648 hoc
715 573 880 661 adfirmo,
901 576 1002 672 quod
1026 592 1066 650 tu
1089 602 1186 652 nunc
1205 579 1253 653 de
1270 595 1336 655 tuo

178 709 311 792 patruo
335 693 538 790 praedicas,
565 693 753 766 neminem
779 720 955 791 umquam
978 696 1100 770 adhuc
1126 697 1173 771 de
1192 724 1232 771 se
1251 725 1335 772 esse

179 810 390 884 consessum
405 836 412 882 :
439 832 550 883 nemo
568 823 636 899 est,
650 809 811 906 inquam,
826 811 1000 883 inventus
1015 826 1091 884 tam
1103 813 1332 912 profligatus

178 945 254 1002 tam
280 929 456 1026 perditus,
487 943 562 1001 tam
590 928 637 1000 ab
665 928 765 1000 omni
793 953 868 1001 non
896 929 1009 1002 modo
1036 929 1233 1004 honestate
1265 932 1333 1005 sed

178 1047 290 1119 etiam
309 1043 542 1118 simulatione
561 1044 767 1118 honestatis
786 1044 934 1117 relictus
952 1046 1015 1140 qui
1034 1071 1075 1118 se
1094 1046 1131 1119 in
1147 1046 1334 1144 Capitolio

178 1169 290 1241 fuisse
314 1195 397 1241 cum
417 1167 619 1241 Saturnino
637 1167 824 1240 fateretur.
856 1258 858 1261 v
879 1183 918 1239 at
936 1167 1004 1239 fuit
1021 1184 1148 1241 vester
1165 1184 1330 1264 patruos.

177 1285 296 1370 suerit,
317 1300 355 1356 et
380 1284 490 1356 luerit
508 1281 608 1356 nulla
626 1283 886 1379 desperatione
905 1308 1027 1355 rerum
1046 1309 1204 1370 suarum,
1224 1283 1333 1358 nullis

177 1399 389 1473 domesticis
409 1398 627 1472 volneribus⁴
641 1415 811 1472 coactus:
839 1399 1026 1472 induxerit
1044 1426 1129 1472 eum
1154 1402 1185 1473 L
1205 1401 1332 1473 Satur-

177 1518 253 1590 nini
297 1515 534 1602 familiaritas,
576 1532 616 1589 ut
652 1517 850 1590 amicitiam
886 1516 1028 1612 patriae
1062 1534 1331 1614 praeponeret:

176 1635 361 1708 idcircone
385 1633 548 1729 oportuit
565 1633 596 1706 C
618 1633 810 1705 Rabirium
828 1632 1035 1705 desciscere
1053 1659 1076 1704 a
1094 1657 1133 1706 re
1152 1633 1331 1730 publica?

177 1776 252 1825 non
283 1775 497 1850 comparere
526 1749 565 1821 in
594 1748 655 1821 illa
683 1766 825 1822 armata
852 1747 1087 1822 multitudine
1118 1749 1331 1824 bonorum?

175 1866 368 1943 consulum
386 1869 469 1941 voci
485 1882 597 1963 atque
616 1867 771 1964 imperio
789 1867 1087 1941 nonoboedire?
1133 1892 1190 1959 24,
1228 1869 1330 1965 atqui

175 1987 346 2059 videmus
372 1985 464 2057 haec
491 1984 527 2057 in
555 2009 676 2057 rerum
694 1998 835 2065 ,natura
861 1985 933 2056 tria
955 1983 1079 2075 fuisse,
1100 1999 1141 2056 ut
1163 1999 1227 2057 aut
1245 2011 1329 2058 cum

176 2103 378 2178 Saturnino
412 2117 512 2174 esset
546 2117 611 2175 aut
644 2127 728 2174 cum
764 2102 872 2175 bonis
903 2117 968 2174 aut
1005 2099 1149 2175 lateret.
1214 2101 1329 2176 latere

176 2222 304 2296 mortis
339 2236 418 2294 erat
452 2220 568 2293 instar
601 2219 845 2316 turpissimae,
882 2215 966 2291 cum
1002 2219 1204 2293 Saturnino
1245 2247 1328 2294 esse

175 2339 308 2414 luroris
342 2355 380 2412 et
414 2337 573 2424 sceleris,
605 2338 726 2411 virtus
752 2353 789 2411 et
817 2338 1000 2412 honestas
1026 2354 1065 2412 et
1092 2340 1216 2435 pudor
1243 2366 1326 2413 cum

174 2454 386 2529 consulibus
405 2454 675 2553 esse‘cogebat.
721 2454 791 2527 hoc
810 2470 851 2527 tu
870 2455 982 2553 igitur
999 2454 1036 2527 in
1051 2456 1189 2528 crimen
1203 2482 1326 2542 vocas

173 2574 274 2671 quod
305 2599 389 2646 cum
421 2573 475 2646 eis
506 2573 616 2646 fuerit
647 2574 678 2647 C
712 2573 894 2659 Rabirius,
925 2600 1019 2671 quos
1050 2574 1325 2649 amentissimus

173 2690 305 2762 suisset
321 2688 352 2762 si
370 2705 633 2786 oppugnasset,
653 2690 887 2786 turpissimus
907 2691 937 2763 si
956 2690 1196 2787 reliquisset?
1251 2692 1323 2765 IX.

172 2825 212 2884 at
239 2810 270 2883 C
300 2807 496 2894 Decianus
522 2790 672 2905 dequo
698 2824 739 2882 tu
770 2835 883 2906 saepe
918 2836 1199 2896 commemoras,
1224 2811 1322 2908 quia,

171 2988 239 3041 then
258 3003 279 3039 a
292 2986 345 3040 few
362 2994 456 3040 voters
473 2984 546 3038 from
564 2985 611 3038 the
633 2994 723 3039 towns
805 2984 945 3054 relictus]
962 2986 1029 3040 with
1042 2986 1083 3040 ab.
1122 2987 1247 3041 SoTusc
1260 2987 1324 3056 disp

172 3074 203 3129 of
215 3075 348 3129 Picenum
365 3090 437 3127 were
455 3082 568 3142 present
587 3074 615 3127 in
630 3075 724 3132 Rome
769 3069 903 3141 v514se
921 3071 980 3140 (the
996 3070 1111 3141 virtues)
1129 3089 1147 3124 a
1163 3073 1242 3126 beata
1260 3072 1324 3127 vita

171 3172 201 3217 at
224 3162 272 3217 the
290 3162 366 3229 time,
387 3162 434 3215 led
452 3162 531 3215 there
554 3161 593 3229 by
611 3161 723 3215 various
770 3159 959 3212 essenlrctas.

171 3249 298 3303 motives.
343 3249 423 3317 They
447 3265 513 3316 may
536 3248 608 3302 have
638 3248 723 3302 taken
804 3243 911 3314 fuerit]
931 3242 1148 3314 Madvig5352.

171 3346 234 3407 part
246 3336 317 3390 with
325 3336 373 3390 the
390 3336 488 3406 ‘party
506 3333 538 3389 of
553 3335 723 3401 order'‚—at
804 3331 975 3401 induxerit]
1007 3333 1050 3386 for
1073 3333 1121 3386 the
1146 3333 1223 3386 word
1247 3349 1323 3386 com-

170 3426 243 3480 least
267 3424 333 3492 they
357 3440 428 3478 were
452 3433 544 3493 pretty
564 3424 669 3478 certain
694 3432 723 3477 to
769 3438 836 3492 pare
849 3438 900 3490 pro
914 3422 979 3474 Mur
991 3418 1005 3490 5
1017 3422 1052 3475 62
1065 3422 1203 3476 inductus.

171 3531 222 3581 say
234 3529 266 3566 so
279 3512 449 3581 afterwards,
462 3530 493 3566 as
503 3512 601 3567 Cicero
611 3513 723 3581 naively
804 3507 826 3563 (l
839 3506 1008 3578 Rabirium]
1026 3508 1177 3576 emphatic,
1196 3517 1226 3562 to
1247 3508 1323 3562 shew

169 3614 237 3668 goes
250 3613 286 3650 on
299 3606 329 3650 to
344 3596 440 3650 admit.
768 3595 829 3648 that
841 3594 878 3647 he
890 3610 947 3646 was
960 3609 977 3645 a
989 3611 1056 3648 man
1070 3594 1154 3649 ‘with
1167 3611 1184 3646 a
1197 3594 1277 3648 stake
1292 3595 1321 3648 in

205 3685 273 3757 523.
299 3683 475 3753 honestate]
496 3683 587 3752 “right
600 3685 657 3738 and
668 3686 723 3739 vir·
768 3682 816 3736 the
844 3690 961 3750 country
972 3679 987 3750 ’,
1018 3690 1067 3736 not
1097 3698 1115 3734 a
1146 3681 1321 3736 necessitous

169 3785 251 3830 tuous
263 3773 366 3840 feeling
375 3770 389 3838 ',
402 3772 463 3826 that
471 3780 597 3842 prompts
607 3780 636 3825 to
649 3771 723 3840 right
768 3766 932 3836 desperado

95 3870 101 3884 '
170 3863 271 3918 action.
318 3861 343 3914 It
374 3875 466 3913 seems
496 3868 525 3913 to
555 3859 725 3913 be=virtur
802 3853 870 3925 524
907 3851 1195 3922 haec...fuisse...ut]
1213 3854 1321 3908 seediv

168 3950 321 4005 viewedas
338 3965 359 4000 a»
372 3946 475 4014 feeling
487 3946 548 3998 that
567 3945 724 4000 influences·
767 3942 795 3995 in
822 3942 916 3996 Caecil
941 3938 955 4010 5
976 3956 1009 3994 22
1027 3940 1061 3994 id
1080 3945 1178 4006 estut,
1202 3941 1320 4011 Madvig

169 4057 220 4094 our
240 4038 335 4108 public
355 4035 483 4090 conduct.
522 4033 576 4087 See
595 4030 609 4102 5
626 4048 671 4100 24,
685 4034 721 4088 de
766 4027 852 4098 5374

169 4127 211 4181 off
220 4139 231 4180 1
251 4123 281 4194 55
293 4139 317 4193 4,
335 4137 373 4191 17,
387 4122 444 4176 and
462 4137 512 4191 pro
529 4120 635 4174 Archia
653 4117 667 4189 5
688 4133 720 4185 14
800 4113 912 4185 instar]
943 4114 978 4170 de
1003 4114 1046 4168 off
1066 4111 1080 4182 5
1104 4111 1139 4182 69
1157 4114 1320 4183 patrocinio

169 4211 247 4266 nihil
255 4228 311 4265 esse
322 4212 354 4264 in
366 4209 428 4264 vita
441 4225 544 4278 magno
551 4211 629 4276 opere
641 4208 720 4275 expe·
765 4220 831 4259 vero
850 4221 878 4256 se
897 4220 961 4256 usos
979 4209 1031 4256 aut
1047 4203 1160 4255 clientes
1178 4201 1322 4270 appellari

167 4298 281 4352 tendum
295 4299 353 4351 nisi
363 4297 476 4351 laudem
493 4300 577 4363 atque
595 4293 719 4347 honesta·
766 4291 864 4344 mortis
875 4290 970 4342 instar
974 4292 1090 4358 putant.

168 4393 222 4439 tem
235 4385 301 4438 with
315 4382 409 4439 Reid's
422 4390 494 4435 note.
547 4384 550 4393 ⁸
800 4372 1007 4444 ODocianus]
1029 4391 1085 4428 was
1107 4374 1268 4428 amember
1289 4372 1321 4425 of
