3000 5040
538 453 826 504 INTRODUCTION
1241 454 1256 522 5

171 602 218 687 (κ)
237 591 240 597 ’
266 604 352 686 Livy
367 602 448 666 'xxv
462 591 485 684 4
498 603 536 688 ἓξ
551 620 653 685 7-11
675 606 762 688 (case
778 607 816 669 of
831 605 888 670 the
905 605 1095 670 fraudulent
1110 615 1259 670 contrac-

106 721 159 775 tor
174 713 210 775 M
229 711 418 774 Postumius
434 709 621 794 Pyrgensis,
636 712 711 775 who
726 711 793 776 had
809 713 894 776 been
911 712 1052 776 accused
1069 712 1119 776 sor
1133 713 1260 796 pecula-

107 824 166 891 tus,
182 815 261 877 with
278 813 498 896 fine-penalty
510 815 543 875 in
560 815 651 892 view,
664 814 776 879 before
791 816 849 878 the
861 816 963 878 tribes
979 814 1121 879 but-had
1138 817 1260 880 caused

106 918 156 981 his
169 917 291 981 friends
306 927 342 980 to
358 938 416 980 use
431 917 580 981 violence
596 939 634 981 so
650 939 686 981 as
701 928 737 981 to
754 927 892 1001 prevent
908 941 927 982 a
942 919 1261 1002 votebeingtaken)

106 1020 181 1097 baec
194 1042 266 1084 cum
281 1021 321 1084 ab
336 1020 451 1101 optimo
465 1041 585 1101 quoque
591 1032 654 1102 pro
669 1022 835 1084 atrocitate
848 1023 899 1085 rei
913 1023 997 1087 iacta
1011 1032 1120 1099 essent,
1136 1023 1265 1105 vimque

106 1132 301 1186 cumcontra
321 1122 571 1204 rempublicam
592 1133 624 1185 et-
634 1124 811 1206 pernicioso
831 1125 966 1207 exemplo
982 1125 1113 1206 factam
1133 1135 1263 1188 senatus

107 1227 263 1300 decresset,
284 1225 450 1306 confestim
469 1224 612 1298 Carvilii
627 1226 868 1310 tribuniplebis
889 1228 1008 1291 omissa
1026 1229 1147 1291 multae
1164 1239 1263 1291 certa-

109 1327 194 1392 tiou'e
207 1330 257 1392 rei
273 1331 422 1412 capitalis
442 1330 528 1393 daem
548 1331 718 1394 Postumio
742 1332 901 1407 dixerunt,
922 1353 960 1395 ac
979 1332 1018 1394 ni
1042 1333 1139 1395 uades
1162 1333 1262 1408 daret,

101 1435 257 1517 prendite
276 1435 399 1497 uiatore
416 1444 513 1514 atque
533 1434 568 1496 iu
589 1454 741 1510 carcerem
763 1435 840 1506 duci
859 1434 1028 1498 iusserunt.
1072 1435 1264 1499 Postumius

109 1537 246 1600 vadibus
261 1535 349 1599 datis
364 1556 425 1598 non
440 1534 561 1616 adfuit.
607 1535 734 1598 tribuni
742 1534 864 1615 plebem
881 1544 1086 1617 rogaverunt,
1100 1534 1264 1617 plebesque

108 1643 156 1704 ita
170 1642 272 1718 scivit,
288 1641 321 1703 si
337 1641 385 1704 M
407 1639 598 1703 Postumius
611 1649 687 1702 ante
699 1639 759 1703 bal
776 1639 893 1702 Maias
914 1660 977 1703 nan
994 1640 1162 1722 prodisset,
1184 1639 1262 1703 cito-

108 1754 219 1827 tusque
232 1766 266 1807 eo
280 1744 408 1807 dienen
424 1742 634 1824 respondisset
653 1764 750 1824 neque
769 1753 936 1806 excusatus
955 1753 1039 1820 esset,
1064 1743 1172 1807 videri
1190 1762 1262 1806 eum

109 1849 144 1911 in
165 1846 275 1912 exsilio
290 1867 377 1921 esse,·
410 1845 550 1926 bonaque
568 1846 637 1908 eius
659 1846 774 1923 uenire,
799 1846 863 1927 ipsi
883 1867 970 1928 aqna
995 1855 1026 1909 et
1049 1846 1122 1928 lgm
1138 1846 1265 1927 placere

109 1949 264 2031 interdici.
308 1948 450 2030 singulis
467 1947 580 2010 deinde
595 1931 713 2025 eorum,
727 1948 788 2030 qni
803 1946 916 2010 turbae
931 1968 971 2010 ac
990 1948 1149 2012 tumultus
1166 1947 1264 2010 conci-

109 2060 226 2117 tatores
237 2054 385 2134 fuerant,
410 2052 460 2114 rei
474 2051 624 2134 capitalis
644 2051 729 2114 diem
747 2052 849 2115 duere
867 2073 905 2114 ac
919 2051 1016 2114 vades
1030 2064 1155 2134 poscere
1168 2064 1264 2133 coepe-

103 2166 199 2220 runt.
236 2156 346 2237 primo
367 2174 429 2217 non
450 2154 571 2232 dantis,
589 2153 704 2216 deiude
722 2153 821 2216 etiam
843 2153 973 2235 eosqui
994 2153 1074 2217 dare
1084 2163 1215 2236 possent
1229 2153 1263 2216 in

108 2280 261 2322 carcerem
276 2258 463 2332 coiciebant,·
483 2257 575 2320 cuius
591 2257 639 2320 rei
653 2256 834 2339 periculum
850 2257 989 2320 vitantes
1004 2257 1151 2339 plerique
1165 2257 1199 2319 in
1213 2277 1264 2319 etc·

107 2364 221 2427 silium
237 2363 392 2427 abierunt.

178 2500 224 2583 (λ)
271 2500 388 2565 Cicero
404 2499 446 2562 de
465 2498 594 2581 legibus
613 2512 657 2560 ΙΙΙ
677 2496 697 2581 ξ
717 2499 738 2562 6
756 2520 828 2562 cum
853 2499 1069 2582 magistratus
1095 2499 1267 2564 iudicasset

111 2604 326 2686 irrogassitoe,
334 2614 397 2685 per
403 2605 558 2684 populum
574 2601 833 2684 multaepoenae⁶
841 2603 971 2666 certatio
984 2614 1056 2668 esto.
1100 2604 1181 2668 And
1194 2603 1214 2688 ξ
1227 2622 1266 2669 10

111 2728 217 2770 omues
233 2707 448 2789 magistratus
466 2705 645 2788 auspicium
665 2705 881 2788 iudiciumque
902 2706 1042 2774 babento.
1088 2708 1168 2772 And
1188 2707 1263 2792 §27

102 2811 249 2890 'deinceps
265 2810 371 2891 egitur
379 2809 526 2872 omnibus
538 2807 787 2890 magistratibus
797 2810 941 2891 auspicio
952 2820 984 2873 et
992 2810 1113 2874 iudicia
1123 2811 1266 2876 dantur:

113 2912 241 2988 iudicia,
257 2922 296 2974 nt
308 2921 386 2974 esset
395 2911 509 2993 papuli
518 2920 661 2992 potestas
675 2911 723 2973 ad
734 2933 832 2994 quam
841 2923 1072 2994 provocaretur
1075 2927 1090 2988 ,⁴
1113 2915 1266 2995 auspicia,

113 3027 149 3080 ut
164 3016 281 3080 multos
296 3016 426 3080 inutiles
442 3016 629 3079 comitiatusv
639 3004 819 3098 probabiles
834 3017 1015 3098 inpedirent
1029 3038 1136 3081 morae
1145 3040 1157 3081 .·
1178 3031 1266 3101 saepe
1357 3012 1359 3016 ’

111 3119 196 3181 enim
210 3119 324 3201 populi
341 3119 492 3200 impetum
512 3118 671 3181 iniustum
686 3118 839 3200 auspiciis
857 3118 897 3182 di
916 3118 1103 3183 inmortales
1117 3131 1267 3202 represse-

113 3234 199 3288 runt

180 3363 228 3448 (μ)
276 3364 391 3428 Cicero
408 3378 436 3426 ΙΙ
448 3364 482 3426 in
493 3363 631 3426 Verrem
642 3360 704 3445 1§§
720 3378 846 3440 12-14
859 3382 899 3424 er
911 3360 968 3424 boc
980 3382 1100 3444 quaque
1112 3361 1268 3426 evaserit:

105 3471 295 3555 proficiscar
313 3491 353 3546 eo,
372 3491 433 3550 quo
454 3490 503 3531 me
523 3468 591 3531 iam
605 3466 735 3548 pridem
755 3474 846 3528 vocat
860 3466 999 3548 populus
1020 3466 1206 3529 Romanus:
1229 3467 1268 3530 de

114 3575 183 3638 iure
196 3573 282 3636 enim
297 3572 455 3636 libertatis
469 3581 501 3634 et
513 3571 659 3637 ciuitatis
672 3590 768 3632 sunm
776 3578 878 3650 putat
891 3589 956 3631 esse
971 3568 1128 3632 indicium
1142 3578 1174 3632 et
1187 3579 1267 3633 recte

106 3688 210 3760 putat.
253 3677 439 3758 confringat
454 3676 513 3738 iste
526 3696 603 3738 sane
616 3675 726 3738 visua
741 3674 875 3736 consilia
890 3674 1061 3750 serratoria,
1072 3675 1268 3755 quaestiones

113 3784 258 3846 omnium
277 3790 475 3863 perrumpat,
501 3780 601 3844 evolet
622 3800 662 3842 en
686 3788 794 3842 vestra
819 3778 1003 3841 severitate:
1037 3777 1121 3841 milei
1142 3778 1266 3855 credite,

113 3887 290 3950 artioribus
304 3885 393 3966 apud
397 3875 552 3966 populum
567 3883 755 3945 Romanum
771 3881 895 3963 laqueis
909 3879 1071 3950 tenebitur.
1139 3880 1157 3919 *
1246 3878 1266 3918 *

115 3986 134 4025 ¹*
223 3986 241 4025 *
331 3986 349 4025 *
438 3984 458 4024 ¹*
521 3984 565 4023 **
655 3980 675 4020 *
764 3979 783 4018 ¹*
827 3981 1072 4044 credentomnes
1086 3981 1224 4064 quinque
1237 3991 1270 4043 et

116 4086 426 4173 trigintatribus*
514 4087 533 4126 ¹*
622 4086 640 4125 *
731 4084 749 4123 *
839 4082 857 4121 *
947 4082 965 4121 *
1055 4081 1075 4121 *
1118 4084 1269 4166 bancego

146 4251 156 4283 ⁶
175 4254 316 4301 Mommsen
333 4265 341 4300 1
359 4269 375 4317 p
392 4252 437 4314 156
454 4249 547 4316 prefers
563 4258 590 4299 to
607 4250 666 4298 read
717 4247 785 4295 since
796 4246 855 4310 they
865 4246 917 4295 had
927 4247 991 4295 been
1008 4245 1116 4309 brought
1127 4246 1180 4293 into
1191 4245 1269 4296 direct

109 4342 202 4396 poenae
212 4333 311 4383 multae.
606 4366 608 4370 ,
718 4329 929 4393 correspondence
941 4328 1001 4377 with
1013 4328 1056 4377 the
1064 4328 1149 4384 tribes,
1161 4343 1202 4378 are
1211 4344 1268 4377 con·

147 4409 158 4440 ⁶
174 4409 237 4457 This
249 4409 323 4457 refers
341 4417 367 4458 to
379 4409 420 4457 the
433 4407 562 4464 centuries,
575 4408 666 4464 which,
718 4411 811 4474 stantly
822 4410 918 4474 spoken
927 4409 956 4458 of
964 4410 989 4459 in
1002 4410 1051 4460 this
1062 4418 1113 4460 sort
1124 4409 1153 4460 of
1161 4426 1223 4473 way.
