3000 5040
183 426 225 491 74
529 421 599 472 PRO
623 420 643 470 C
668 419 819 470 RABIRIO
843 420 982 471 ORATIO

181 587 326 668 pestem
345 587 457 668 atque
476 569 647 643 exsilium
667 570 746 644 Sex
759 569 862 643 Titio
880 569 1014 656 attulit,
1030 571 1066 642 in
1085 585 1205 643 rostra
1223 586 1335 668 atque

183 688 221 759 in
245 688 457 762 contionem
482 686 669 760 attulisses
693 711 761 759 nec
786 703 868 760 tuas
892 713 1068 782 umquam
1094 687 1182 759 ratis
1204 687 1252 760 ad
1269 712 1336 760 eos

183 803 354 901 scopulos
377 802 595 901 appulisses,
616 803 663 875 ad
684 829 778 898 quos
797 804 876 876 Sex
895 802 973 875 Titi
994 803 1179 876 adflictam
1201 829 1335 877 navem

182 937 221 994 et
238 921 276 993 in
294 920 428 1017 quibus
448 921 479 993 C
500 920 657 992 Deciani
677 919 909 1016 naufragium
928 919 1158 993 fortunarum
1173 920 1332 992 videres.

182 1039 250 1112 sed
269 1039 305 1111 in
324 1039 382 1110 his
400 1037 511 1111 rebus
530 1038 702 1111 omnibus
719 1037 967 1135 imprudentia
980 1038 1124 1113 laberis,
1167 1065 1335 1111 caussam

183 1159 283 1232 enim
298 1159 491 1255 suscepisti
510 1158 756 1254 antiquiorem
777 1158 956 1231 memoria
973 1174 1046 1232 tua.
1092 1185 1188 1256 quae
1206 1184 1337 1230 caussa

183 1292 270 1348 ante
289 1290 434 1348 mortua
452 1291 509 1348 est
523 1300 635 1370 quam
653 1290 693 1347 tu
712 1289 820 1347 natus
840 1300 950 1360 esses
966 1301 1041 1371 qua
1059 1274 1095 1346 in
1110 1299 1240 1347 caussa
1258 1289 1336 1346 tute

183 1391 349 1488 profecto
367 1391 510 1477 fuisses
528 1392 558 1464 si
578 1417 644 1487 per
661 1406 822 1464 aetatem
841 1417 924 1464 esse
941 1391 1138 1487 potuisses
1155 1416 1238 1462 eam
1255 1416 1337 1462 cum

184 1510 221 1581 in
251 1509 425 1582 iudicium
451 1535 573 1593 vocas
601 1514 657 1581 26.
679 1507 759 1605 [an]
779 1534 853 1581 non
873 1506 1046 1605 intelligis
1065 1509 1225 1604 primum
1242 1504 1336 1604 quos

184 1628 353 1701 homines
372 1643 410 1700 et
427 1626 556 1723 quales
573 1627 673 1700 viros
688 1642 853 1700 mortuos
868 1626 1002 1698 summi
1017 1623 1166 1698 sceleris
1180 1626 1338 1720 arguas?

184 1745 320 1818 deinde
338 1761 430 1842 quot
451 1772 498 1818 ex
516 1745 579 1831 eis,
599 1746 662 1841 qui
681 1745 821 1830 vivont,
845 1744 978 1818 eodem
1004 1742 1156 1815 crimine
1177 1744 1215 1815 in
1239 1769 1337 1815 sum-

184 1886 285 1933 mum
309 1857 510 1956 periculum
535 1861 665 1957 capitis
688 1859 883 1933 arcessas?
935 1884 1020 1932 nam
1046 1859 1077 1930 si
1103 1858 1135 1931 C
1164 1858 1337 1931 Rabirius

183 1978 351 2050 fraudem
378 1975 572 2073 capitalem
590 1977 749 2063 admisit,
769 1977 871 2072 quod
889 2002 992 2048 arma
1010 1993 1140 2049 contra
1159 1977 1191 2048 L
1210 1978 1337 2050 Satur-

185 2100 313 2174 ninum
332 2097 423 2185 tulit,
436 2096 521 2171 huic
539 2099 691 2195 quidem
705 2099 848 2172 adferet
858 2097 1019 2194 aliquam
1035 2098 1336 2194 deprecationem

184 2215 336 2313 periculi
353 2232 461 2290 aetas
474 2215 543 2301 illa,
558 2242 632 2311 qua
649 2230 727 2288 tum
747 2216 823 2302 suit,
838 2215 874 2310 Q
890 2241 980 2288 vero
996 2214 1179 2301 Catulum,
1192 2231 1336 2312 patrem

220 2443 344 2516 attuit]
365 2445 507 2501 emended
516 2447 554 2514 by
570 2444 672 2500 Baiter.
695 2451 736 2500 at·
785 2444 889 2498 heatae.
928 2444 1068 2510 Compare
1083 2441 1118 2495 de
1140 2450 1200 2496 orat
1219 2454 1230 2495 1
1250 2440 1265 2512 5
1287 2457 1337 2494 202

185 2534 295 2586 tulesset
305 2532 395 2600 might
408 2548 492 2586 mean
511 2531 552 2585 ‘it
569 2531 674 2599 having
693 2532 736 2599 (as
786 2531 966 2600 languentem
986 2531 1175 2599 labentemque
1187 2531 1337 2600 pupulum,

184 2637 239 2689 you
263 2629 340 2673 must
363 2619 435 2673 have
453 2617 567 2688 known)
591 2618 713 2687 brought
721 2615 735 2671 '.
788 2618 895 2682 Caesar,
904 2617 961 2671 bell
975 2617 1071 2675 Gallv
1084 2631 1109 2685 3,
1123 2617 1222 2671 Herod
1234 2629 1278 2671 vn
1297 2631 1338 2686 50.

187 2708 243 2759 But
262 2722 293 2760 so
314 2705 410 2759 forced
425 2721 462 2758 an
481 2704 693 2774 iuterpretation
712 2704 743 2758 is.
820 2706 972 2775 caussam]
993 2705 1211 2775 ‘cause',‘side’.
1237 2707 1275 2760 So
1288 2725 1339 2777 pro

185 2801 235 2846 not
254 2793 362 2846 needed
379 2792 446 2846 with
463 2794 606 2856 attulisses
618 2809 650 2846 so
668 2810 737 2848 near
788 2794 866 2849 Sulla
877 2790 892 2862 ἕ
904 2809 921 2863 9
933 2811 992 2848 una
1004 2795 1138 2847 bonarum
1157 2799 1198 2846 est
1210 2795 1339 2848 omnium

185 2889 215 2934 to
227 2887 347 2934 account
360 2877 403 2932 for
414 2895 432 2931 a
444 2879 612 2949 corruption.
785 2898 893 2948 caussa,
903 2882 938 2935 de
951 2881 1009 2952 imp
1024 2882 1066 2935 Cn
1081 2882 1170 2949 Pomp
1180 2878 1195 2950 ἓ
1206 2893 1238 2950 53
1248 2881 1341 2951 ipsius

220 2963 543 3033 rostra-„contionem
580 2965 637 3019 this
661 2974 737 3019 must
780 2972 887 3043 populi
932 2969 1057 3023 Romani
1096 2969 1176 3022 salus
1206 2975 1235 3023 et
1269 2985 1340 3023 vera

185 3053 257 3109 refer
280 3065 309 3108 to
330 3069 410 3108 some
434 3053 566 3107 occasion
590 3071 627 3108 on
646 3053 737 3106 which
786 3075 893 3113 caussa,

187 3143 328 3197 Labienus
349 3141 513 3210 harangued
530 3159 548 3194 a
566 3143 690 3212 meeting
708 3144 737 3197 in
822 3144 916 3213 esses]
938 3161 984 3199 see
999 3143 1117 3213 Madvig
1128 3140 1143 3212 ἕ
1156 3142 1214 3210 360.
1242 3142 1338 3210 Halm,

185 3231 234 3284 the
247 3231 359 3283 Forum.
398 3229 451 3283 See
466 3229 700 3300 IntrodE(fii)⁴.
788 3233 890 3300 Baiter,
909 3234 1019 3301 Kayser
1030 3231 1123 3285 would
1135 3231 1202 3284 read
1214 3248 1249 3283 es.
1349 3227 1351 3230 ’

220 3311 310 3392 ratis]
328 3330 367 3366 an
379 3314 559 3368 emendation
574 3314 607 3367 of
619 3326 676 3369 Mss
691 3332 737 3368 ra·
821 3332 890 3375 cam
909 3316 989 3389 cum]
1015 3335 1047 3372 so
1064 3320 1135 3384 Rau,
1154 3316 1283 3371 followed
1302 3317 1340 3384 by

185 3397 274 3451 tiones
286 3398 410 3466 adopted
422 3398 459 3466 by
474 3399 589 3466 Kayser.
789 3405 906 3472 Kayser,
915 3403 959 3458 for
969 3422 1030 3458 eam
1044 3420 1180 3458 caussam.
1206 3419 1270 3457 cum
1282 3404 1340 3458 had

220 3484 369 3557 scopulos]
407 3486 513 3555 Cicero,
538 3487 601 3540 who
622 3488 646 3563 is
669 3488 738 3542 fond
787 3491 924 3561 probably
937 3493 1009 3546 been
1021 3490 1162 3544 mistaken
1176 3491 1220 3544 for
1236 3509 1272 3545 an
1291 3491 1340 3544 ab·

187 3575 218 3631 os
233 3575 302 3629 such
320 3575 491 3644 metaphors,
509 3575 635 3630 remarks
653 3575 683 3629 in
702 3577 738 3630 de
787 3577 944 3632 breviation
964 3577 995 3631 ol
1013 3595 1151 3643 caussam,
1171 3578 1229 3631 and
1250 3580 1340 3633 hence

187 3673 248 3719 orat
268 3675 291 3716 11
314 3660 392 3732 §163
413 3662 512 3716 deinde
532 3662 686 3715 veilmdnm
705 3679 739 3715 ne
787 3681 826 3717 an
844 3662 938 3716 added
956 3663 1054 3731 below,
1071 3663 1136 3715 thus
1153 3663 1240 3732 really
1256 3665 1340 3734 spoil-

187 3753 268 3822 lange
284 3750 376 3803 simile
394 3751 435 3803 sit
450 3749 566 3803 ductum
576 3769 586 3804 .·
607 3750 737 3819 Syrtim
787 3750 836 3819 ing
848 3750 897 3803 the
909 3760 1065 3819 argument.

180 3840 350 3913 patrimoni,
388 3839 563 3908 scopulum
606 3839 738 3892 libentius
822 3834 890 3906 526.
910 3835 1067 3907 fraudem]
1084 3853 1218 3907 compare
1231 3838 1341 3892 deorat

186 3929 327 3991 decrerim·
359 3925 558 3996 Charybdim
593 3925 737 3992 banorum,
788 3935 811 3976 11
836 3919 851 3991 ἕ
875 3936 924 3991 199
944 3922 978 3975 iel
996 3922 1169 3976 CNurbano
1188 3923 1220 3976 ln
1230 3923 1342 3993 fraude

188 4016 384 4086 voraginem
394 4015 501 4085 patius.
535 4014 674 4082 Compare
687 4030 738 4082 pro
786 4009 908 4079 capitali
925 4026 982 4062 esse
993 4008 1165 4078 ponendum,
1187 4010 1238 4063 Liv
1256 4021 1340 4062 xxm

188 4102 344 4174 Sullag41.
791 4095 848 4166 14§
862 4111 885 4165 3.
936 4095 1274 4165 Surelyfraus=‘guilt',
1290 4105 1345 4149 not

222 4187 428 4257 imprudentia
434 4186 559 4256 laberis]
573 4205 590 4242 a
602 4186 738 4242 favourite
787 4201 819 4238 as
837 4183 943 4253 Ulpian
960 4182 989 4236 in
1005 4183 1096 4250 digest
1109 4195 1166 4237 xx1
1182 4184 1216 4236 tit
1228 4184 1236 4236 i
1250 4198 1283 4251 23
1296 4180 1339 4252 §2

188 4277 350 4346 expression
376 4275 408 4328 of
430 4274 557 4329 Cicero’s.
609 4275 662 4328 See
687 4291 738 4344 pro
788 4271 872 4340 (cited
887 4273 924 4339 by
939 4269 1029 4336 Klotz)
1044 4271 1170 4340 explains
1188 4273 1338 4343 it=paena

190 4362 278 4433 Mur§
292 4365 333 4430 78.
359 4364 480 4417 labl=to
489 4379 525 4431 go
535 4377 638 4430 wrong,
648 4359 737 4431 σφάλ-
790 4361 843 4416 see
857 4354 1063 4440 Digest1163
1079 4373 1134 4425 131.
