3000 5040
169 393 211 473 76
516 403 587 455 nno
610 403 631 454 c
654 403 809 454 nnunuo
831 402 972 454 oxnrro

167 567 378 649 paruerunt,
407 551 566 650 loquor?
597 552 645 625 de
677 553 841 649 ipsorum
870 550 1064 625 consulum
1099 552 1201 626 sama
1234 553 1322 650 quid

170 670 331 742 futurum
349 669 439 742 est?
481 668 725 753 LFlaccum,
746 668 937 742 hominem
957 695 1042 742 cum
1060 695 1212 766 semper
1229 670 1266 743 in
1284 697 1323 744 re
1400 752 1402 756 .

168 785 315 882 publica
345 801 423 857 tum
455 785 491 858 in
520 786 797 883 magistratibus
827 784 1012 882 gerendis,
1043 785 1079 858 in
1115 785 1323 859 sacerdotio

169 902 475 999 caerimoniisque
498 902 632 998 quibus
650 917 822 998 praeerat
840 899 1174 998 diligentissimum,
1194 903 1323 978 nefarii

169 1017 316 1091 sceleris
342 1046 384 1092 ac
403 1020 574 1116 parricidi
596 1035 783 1093 mortuom
805 1018 1168 1094 condemnabimus?
1194 1022 1322 1095 adiun-

168 1161 300 1232 gemus
331 1136 378 1209 ad
410 1137 504 1209 hanc
532 1136 654 1210 labem
691 1137 1009 1234 ignominiamque
1044 1138 1174 1211 mortis
1210 1139 1322 1213 etiam

171 1252 203 1324 C
224 1252 320 1325 Mari
340 1252 506 1326 nomen?
536 1253 567 1326 C
589 1253 761 1338 Marium,
778 1277 890 1349 quem
909 1278 997 1325 vere
1012 1270 1157 1349 patrem
1169 1256 1322 1352 patriae,

170 1383 371 1465 parentem,
392 1371 554 1467 inquam,
580 1387 728 1444 vestrae
754 1370 933 1445 libertatis
958 1388 1070 1470 atque
1093 1369 1249 1446 huiusce
1271 1372 1324 1446 rei

170 1487 338 1585 publicae
363 1515 560 1586 possumus
588 1490 720 1576 dicere,
745 1490 894 1564 sceleris
921 1516 964 1564 ac
990 1490 1175 1588 parricidii
1194 1491 1323 1565 nefarii

170 1622 354 1681 mortuom
379 1608 739 1682 condemnabimus?
798 1613 854 1685 28.
893 1610 1031 1683 etenim
1055 1609 1086 1682 si
1106 1610 1137 1683 C
1159 1609 1322 1695 Rabirio,

169 1725 269 1822 quod
288 1725 329 1797 iit
346 1723 394 1796 ad
412 1750 523 1809 arma,
544 1750 689 1798 crucem
709 1727 744 1799 T
766 1727 953 1800 Labienus
973 1727 1009 1799 in
1028 1752 1161 1824 campo
1183 1728 1323 1801 Martio

170 1840 406 1938 defigendam
432 1841 585 1937 putavit,
605 1842 705 1936 quod
725 1843 875 1916 tandem
894 1842 1167 1939 excogitabitur
1183 1843 1220 1916 in
1239 1869 1324 1917 eum

170 1957 399 2053 supplicium,
427 1957 489 2051 qui
516 1958 695 2030 vocavit?
745 1985 788 2031 ac
819 1959 850 2031 si
881 1960 973 2034 fides
1005 1961 1209 2036 Saturnino
1238 1961 1326 2036 data

171 2092 235 2160 est,
255 2073 356 2171 quod
375 2074 441 2146 abs
461 2090 497 2147 te
516 2076 733 2172 saepissime
752 2077 893 2175 dicitur,
907 2104 981 2153 non
994 2104 1077 2152 eam
1092 2080 1124 2153 C
1139 2080 1322 2168 Rabirius

206 2342 361 2402 de...fama
390 2343 462 2411 quid
491 2344 631 2402 futurum
661 2345 722 2417 est]
772 2348 835 2401 ther
847 2350 895 2404 the
907 2349 980 2404 form
993 2351 1030 2404 iit
1041 2351 1142 2405 should
1157 2351 1194 2404 be
1210 2350 1279 2405 read
1295 2350 1325 2404 in

170 2448 302 2500 compare
314 2433 440 2486 Terence
458 2433 596 2503 adelphoe
610 2434 664 2504 996
675 2435 726 2488 sed
774 2433 872 2488 Cicero
884 2435 909 2488 is
922 2434 1058 2490 doubtful.

170 2519 204 2571 de
211 2519 310 2588 fratre
321 2519 472 2588 qrtzilfiet?
807 2521 991 2580 fidesdata
1004 2522 1063 2594 est]
1081 2525 1143 2579 that
1159 2524 1216 2579 this
1234 2541 1325 2578 assur·

205 2603 230 2660 1.
259 2602 411 2674 Flaccum]
443 2605 491 2659 the
521 2606 664 2674 colleague
694 2608 727 2662 of
772 2626 843 2664 ance
861 2627 918 2664 was
939 2612 1026 2679 really
1043 2613 1126 2680 given
1144 2621 1174 2667 at
1192 2612 1241 2666 the
1257 2611 1325 2667 time

172 2691 280 2744 Marius
305 2691 333 2744 in
353 2692 400 2745 the
415 2691 576 2761 consulship
596 2704 643 2746 Bc
665 2707 720 2746 100.
772 2698 851 2750 there
867 2714 958 2750 seems
972 2708 1001 2752 to
1013 2698 1049 2752 be
1061 2715 1098 2751 no
1111 2699 1207 2753 doubt.
1245 2700 1324 2754 Thus

172 2777 306 2849 Seegzo.
773 2783 906 2836 Plutarch
929 2784 995 2836 Mar
1019 2799 1054 2852 30
1077 2787 1228 2853 παρέδωκαν
1251 2787 1326 2855 σφᾶς

204 2868 238 2924 in
258 2881 291 2923 re
312 2863 443 2935 publica]
464 2865 509 2918 ‘in
529 2865 574 2919 hls
596 2865 722 2935 political
771 2870 865 2927 adroic
896 2869 938 2925 διὰ
964 2874 1009 2939 τῆς
1027 2871 1169 2944 λεγομένης
1199 2873 1326 2942 δημοσίας

171 2956 288 3010 career’.
771 2959 893 3026 clareas,
908 2960 1003 3021 [Aurei
1015 2959 1090 3020 Vict]
1109 2958 1144 3013 de
1162 2958 1229 3012 viris
1244 2959 1274 3012 ill
1290 2972 1325 3027 73

206 3042 389 3111 sacerdotio]
409 3044 481 3097 from
509 3043 544 3096 de
574 3043 681 3097 divinat
712 3056 722 3097 1
772 3045 974 3117 §10(Marius)
987 3047 1019 3099 in
1031 3046 1199 3100 deditionem
1209 3047 1324 3115 accepit:

171 3129 185 3201 5
207 3146 256 3197 104
277 3149 317 3185 we
338 3131 417 3185 leam
437 3132 498 3185 that
519 3132 555 3185 he
575 3132 633 3185 had
651 3132 722 3184 been
773 3134 928 3188 aecdedz'tis
928 3135 1004 3203 fides
1011 3140 1134 3188 servata.
1154 3132 1224 3187 This
1232 3150 1324 3189 seems

169 3219 273 3276 flamen
285 3220 442 3273 Martialis.
773 3220 889 3290 implied
901 3220 962 3274 also
975 3221 1003 3273 in
1017 3220 1064 3273 the
1075 3219 1164 3273 words
1177 3219 1209 3274 of
1224 3219 1324 3273 Florus

206 3303 363 3373 parricidi]
392 3306 435 3359 for
459 3306 507 3360 the
535 3305 671 3372 meaning
695 3305 727 3357 oi
774 3303 1326 3376 11116§6(Saturninus)senatuiqueper
1361 3348 1365 3356 .

171 3393 228 3446 this
241 3393 318 3444 word
331 3409 377 3447 see
391 3394 483 3460 Clark,
503 3394 590 3461 Early
609 3394 723 3446 Roman
772 3391 881 3461 legatos.
891 3392 1086 3461 paenitentiae
1100 3391 1191 3461 fidem
1202 3393 1322 3462 faceret,

173 3482 240 3534 Law
255 3478 269 3548 ἓ
284 3492 305 3546 7.
336 3482 347 3533 Ι
363 3482 399 3534 do
413 3491 461 3535 not
473 3482 602 3535 however
614 3480 723 3535 believe
773 3496 824 3531 nor
837 3479 905 3532 does
917 3479 1029 3548 Appian
1041 3479 1098 3533 bell
1111 3480 1155 3533 civ
1168 3492 1178 3533 1
1195 3494 1228 3547 32
1241 3479 1325 3536 make

171 3568 233 3623 that
239 3568 389 3637 parracida
408 3567 464 3621 isa
483 3566 633 3620 shortened
651 3566 723 3620 form
773 3564 884 3632 against
903 3565 932 3632 it,
950 3565 1056 3632 though
1069 3565 1105 3619 he
1119 3565 1185 3634 only
1200 3583 1265 3634 says
1281 3567 1324 3622 ill·

173 3657 205 3709 of
213 3654 400 3724 parenticida.
433 3655 489 3707 For
510 3654 557 3707 the
578 3654 723 3721 figurative
772 3654 896 3708 πίσαντες
913 3651 1001 3708 αὐτοῖς
1020 3651 1200 3720 ἐπικουρήσειν
1224 3653 1325 3724 Μάριον

172 3759 222 3796 use
241 3757 288 3795 see
307 3739 336 3793 in
353 3740 439 3793 Vatin
456 3737 471 3808 ἓ
488 3753 531 3808 35,
546 3739 605 3793 Sall
619 3741 673 3793 Cat
690 3753 720 3808 51
772 3738 1044 3808 παρέδωκανὲαυτους.
1081 3739 1325 3812 Orosiusvl7§9

172 3830 187 3902 g
200 3843 241 3900 ²5·
774 3827 876 3896 simply
886 3844 950 3895 says
961 3828 1022 3881 that
1035 3828 1100 3895 they
1112 3830 1180 3882 took
1189 3831 1301 3899 refuge'
1294 3849 1323 3887 m

201 3913 722 3986 lahamrgnomimamoue]he1sfond
773 3919 821 3971 the
829 3935 910 3971 carza
910 3919 1152 3986 ‚cogenteMaraa
1172 3920 1234 3974 The
1245 3936 1323 3974 same

173 4006 265 4061 osthis
278 4002 441 4059 connexion.
480 4003 575 4056 Seel
569 4020 597 4055 m
607 4005 724 4057 Verrem
773 4004 874 4103 pledge
887 4021 943 4058 was
959 4005 1043 4074 given
1061 4006 1156 4059 rothe
1175 4007 1324 4061 informers

173 4094 242 4166 540,
256 4092 311 4147 de
304 4108 362 4160 rmp
375 4092 418 4145 Cn
432 4091 521 4159 Pomp
538 4086 606 4158 533.
774 4092 802 4145 in
827 4091 875 4145 the
896 4100 998 4144 matter
1020 4091 1052 4144 oi
1072 4093 1121 4145 the
1139 4093 1323 4147 Catilinarian

208 4179 277 4250 §²8-
312 4177 352 4235 iit
369 4176 410 4234 ad
431 4177 529 4246 arma]
557 4195 588 4232 so
608 4177 646 4231 ad
666 4178 724 4231 fam
774 4179 945 4248 conspiracy.
984 4179 1038 4233 See
1059 4180 1087 4233 in
1114 4180 1187 4234 Catil
1213 4192 1248 4235 111
1273 4179 1324 4251 §8

173 4282 230 4323 vm
247 4281 276 4337 15
291 4266 305 4338 ἓ
318 4282 333 4320 2
345 4268 449 4321 civitas
460 4266 502 4320 ad
512 4283 595 4320 arma
607 4267 650 4334 iit,
663 4265 724 4334 phi·
764 4266 856 4336 fidem
867 4264 1013 4334 publicam
1031 4265 1111 4319 iussu
1127 4272 1242 4340 sanatas
1252 4267 1325 4336 dedi,

172 4355 259 4426 lippic
275 4363 330 4409 xlv
344 4353 373 4426 ἓξ
389 4369 454 4423 1-3
472 4354 514 4409 ad
526 4371 603 4425 saga.
638 4353 724 4408 Whe-
774 4348 832 4404 and
843 4349 947 4403 Sallust
962 4349 1014 4401 Cat
1024 4361 1058 4427 47
1071 4344 1086 4417 ἓ
1101 4363 1123 4418 1,
1141 4344 1203 4417 485
1220 4363 1245 4416 4
