3000 5040
176 419 198 479 4
608 414 896 464 INTRODUCTION

177 583 263 626 more
284 562 445 627 maiorum
462 563 659 646 permissum
680 573 765 639 esset,
780 571 834 626 seu
850 562 972 644 legibus
985 584 1040 625 seu
1056 563 1198 626 moribus
1213 563 1330 638 mallet,
1361 608 1362 611 ,

175 667 366 749 anquireret,
398 667 507 750 quoad
527 668 579 731 vel
599 667 714 748 capitis
738 667 790 730 vel
808 667 963 748 pecuniae
986 666 1171 730 iudicasset⁴
1187 667 1330 749 privato:

176 779 246 832 tum
263 770 472 852 Sempronius
479 770 710 854 perduellionis
723 791 757 832 se
767 770 911 833 iudicare
927 768 974 834 Cn
989 770 1107 833 Fulvio
1122 771 1214 850 donet,
1230 771 1331 834 diem·

175 894 235 955 quc
247 873 385 936 comitiis
400 872 441 936 ab
459 873 487 938 C
502 873 676 954 Calpurnio
686 882 837 954 praetore
851 872 943 937 urbis
954 873 1046 955 petit.
1092 874 1165 937 inde
1179 874 1248 937 alia
1262 884 1332 954 spes

174 975 217 1039 ab
231 997 282 1065 reo
297 985 450 1057 temptata
464 984 519 1052 est,
533 976 567 1039 si
578 975 686 1039 adesse
701 976 735 1038 in
752 975 871 1038 iudicio
892 974 921 1053 Q
936 975 1076 1038 Fulvius
1088 977 1204 1057 frater
1216 986 1329 1058 posset,

163 1078 290 1160 florens
311 1088 380 1143 tum
402 1091 434 1142 et
447 1081 549 1161 faena
569 1101 679 1144 rerum
700 1090 868 1162 gestarum
889 1090 919 1142 et
937 1082 1117 1164 propinqua
1135 1095 1188 1164 spe
1204 1081 1331 1163 Capuae

167 1182 353 1262 potiundae.
391 1182 431 1246 id
449 1204 521 1246 eum
537 1194 600 1264 per
617 1184 746 1247 litteras
769 1183 998 1247 miserabiliter
1009 1196 1071 1266 pro
1086 1185 1214 1266 fratris
1231 1185 1332 1268 capite

173 1288 309 1369 scriptas
320 1288 618 1368 petisset'Fuloius,
639 1298 865 1370 negassentque
882 1298 995 1370 patres
1017 1310 1034 1351 e
1059 1310 1094 1351 re
1112 1291 1242 1370 publica
1265 1312 1332 1353 esse

173 1388 299 1452 abscedi
315 1410 338 1453 a
361 1389 481 1471 Capua,
494 1400 666 1474 postquam
686 1390 755 1454 dies
768 1389 971 1453 comitiorum
985 1390 1107 1467 aderat,
1127 1390 1173 1456 Cn
1188 1391 1329 1455 Fulvius

173 1490 353 1556 exsulatum
382 1493 577 1575 Tarquinios
596 1492 687 1556 abiit.
715 1493 772 1556 id
789 1492 821 1556 ei
841 1492 964 1556 iustum
986 1494 1136 1558 cnsilium
1156 1517 1220 1559 esse
1234 1495 1331 1560 scivit

166 1597 263 1678 plebs.

239 1751 277 1834 (i)
324 1753 411 1834 Livy
427 1768 520 1816 XL111
541 1755 579 1816 16
594 1752 634 1836 ἐξ
653 1755 778 1816 10-16
795 1752 883 1835 (case
898 1753 937 1816 os
951 1755 1008 1817 the
1024 1765 1091 1818 two
1107 1759 1252 1835 censors)
1287 1753 1330 1818 Ti

176 1855 314 1919 Graccloi
327 1858 477 1940 primum
495 1857 574 1921 bona
589 1857 789 1933 consecravit,
805 1857 891 1940 quod
905 1858 940 1921 in
956 1859 1060 1921 multa
1076 1859 1331 1941 pignoribusque

171 1961 248 2037 eius,
262 1961 321 2044 qui
341 1962 509 2032 tribunum
527 1961 718 2046 appellasset,
742 1962 958 2026 intercessioni
978 1983 1041 2026 non
1058 1963 1209 2046 parmdo,
1234 1985 1267 2026 se
1291 1962 1328 2049 in

171 2063 315 2128 ordinem
330 2066 500 2148 coegissot,·
527 2066 555 2131 C
568 2064 703 2130 Claudio
717 2065 803 2129 diem
823 2066 917 2143 dicit,
937 2065 1025 2148 qnod
1040 2066 1214 2129 corcn'omm
1232 2065 1274 2129 ab
1295 2087 1329 2128 se

171 2178 350 2243 avocasset,·
370 2179 402 2232 et
415 2169 544 2250 utrique
553 2169 674 2232 censori
679 2169 928 2250 perduellionem
939 2189 973 2230 se
984 2169 1126 2232 iudicare
1131 2169 1327 2250 pronuntia-

172 2269 230 2349 vit,
246 2270 391 2353 diemque
404 2271 542 2336 comitiis
561 2293 582 2334 a
604 2271 632 2337 C
652 2271 795 2352 Sulpicio
811 2282 961 2354 praetore
978 2272 1100 2335 urbano
1116 2272 1220 2355 petiit.
1265 2293 1328 2335 non

172 2374 390 2437 recusantibus
403 2374 581 2438 censoribus
595 2374 766 2455 quominus
773 2375 884 2454 primo
892 2395 1013 2455 qnoque
1026 2383 1161 2456 tempore
1171 2373 1327 2437 indicium

171 2473 211 2536 dc
231 2496 264 2538 se
278 2479 417 2559 populus
433 2477 566 2558 faceret,
581 2477 616 2540 in
640 2476 819 2540 antediem
842 2487 989 2540 octavum
1010 2486 1043 2539 et
1063 2477 1232 2558 septimum
1255 2475 1333 2539 Kal

175 2576 320 2642 Octobres
339 2580 478 2643 comitiis
493 2569 725 2661 perduelliones
741 2579 828 2642 dicta
849 2579 924 2641 dies.
968 2600 1108 2667 censores
1124 2580 1273 2660 cntempla
1292 2579 1326 2640 in

171 2681 295 2745 atrium
319 2683 499 2747 Libertatis
521 2683 730 2760 escenderunt,
753 2692 785 2745 et
809 2682 856 2746 ibi
879 2683 1022 2764 signatis
1048 2683 1174 2747 tabellis
1188 2681 1328 2766 publicis

171 2788 338 2869 clausoque
351 2788 512 2852 tabulario
526 2798 558 2850 et
569 2787 717 2849 dimissis
730 2787 834 2849 servis
844 2787 986 2868 publicis
1005 2796 1167 2868 negarunt
1182 2806 1216 2847 se
1228 2786 1328 2865 prius

172 2889 341 2970 quicquam
359 2889 483 2972 publici
500 2889 620 2972 negotii
632 2898 790 2970 gesturos,
813 2910 911 2972 qnam
939 2889 1095 2952 indicium
1108 2889 1221 2970 populi
1239 2887 1279 2949 de
1296 2909 1329 2950 se

164 2995 295 3075 factum
309 3005 394 3058 esset.
431 2994 530 3076 prior
542 2992 698 3058 Claudius
709 3014 840 3057 carosam
855 2993 960 3068 dinit,·
982 3003 1097 3055 etcum
1112 3013 1151 3054 er
1164 2992 1327 3055 duodecim

172 3099 324 3162 centuriis
339 3100 481 3183 equitnm
505 3109 570 3163 octo
593 3120 749 3163 censorem
770 3099 1028 3162 condemnassent
1044 3097 1222 3180 multaeque
1244 3098 1330 3160 alim

165 3201 296 3282 primae
319 3201 439 3279 elassis,
465 3203 615 3283 cntempla
631 3202 794 3284 principes
818 3200 963 3284 civitates
984 3201 1020 3262 in
1039 3210 1197 3280 conspectu
1213 3199 1330 3281 populi

173 3305 283 3368 anulis
301 3306 412 3369 aureis
422 3306 541 3387 positis
563 3316 678 3368 vestem
702 3313 881 3378 mutarunt,
901 3312 938 3365 nt
956 3303 1107 3385 supplices
1122 3302 1244 3384 plebem
1265 3303 1343 3377 cir·¹

127 3400 129 3404 ¹
172 3410 335 3475 cumirent.
380 3411 521 3474 manime
538 3420 644 3472 tamen
663 3410 854 3473 sententiam
875 3409 1006 3471 vertisse
1027 3408 1151 3471 dicitur
1169 3407 1200 3470 T
1198 3409 1212 3471 i
1229 3408 1327 3471 Grac·

172 3513 257 3590 ebus,
272 3513 359 3596 qnod
373 3536 445 3577 cnm
463 3515 585 3576 clamor
602 3513 742 3595 condique
757 3511 861 3592 plebis
883 3520 963 3574 esset
979 3512 1161 3591 periculum
1189 3510 1328 3574 Graccleo

174 3637 235 3678 non
257 3638 328 3694 csse,
346 3612 496 3697 conceptis
513 3614 618 3678 verbis
639 3614 771 3691 iuravit,
794 3614 826 3676 si
843 3615 959 3696 collega
974 3614 1150 3677 damnatus
1164 3624 1250 3690 esset,
1264 3634 1326 3676 non

172 3729 341 3801 exspectato
355 3720 393 3782 de
406 3741 440 3782 se
455 3718 573 3782 indicio
583 3719 727 3781 comitem
742 3719 852 3781 exsilii
862 3719 933 3781 eius
939 3718 1107 3799 futurum.
1130 3718 1208 3781 adeo
1220 3730 1327 3781 tamen

172 3821 221 3882 ad
235 3832 410 3885 extremum
430 3821 497 3902 spei
515 3821 603 3883 venit
621 3841 701 3897 reus,
718 3831 755 3883 ut
774 3829 838 3882 octo
852 3821 1012 3910 centuriae
1026 3820 1075 3882 ad
1086 3820 1325 3883 damnationem

168 3924 342 4005 ¹defecerint.
380 3925 522 3989 absoluto
537 3923 673 3989 Claudio
689 3923 949 4005 tribunusplebis
963 3923 1096 4006 negavit
1103 3945 1136 3987 se
1147 3923 1326 3988 Gracclcum

172 4048 304 4092 morare.

202 4216 214 4248 ·⁴
231 4219 263 4268 In
281 4218 330 4269 this
349 4234 453 4284 passage
468 4218 556 4281 capitis
570 4233 677 4267 answers
694 4224 721 4266 to
772 4216 894 4276 remarks)
914 4223 965 4266 two
980 4214 1064 4279 things
1078 4215 1157 4264 based
1172 4232 1206 4266 on
1221 4225 1327 4274 custom,

169 4299 267 4363 legibus,
288 4300 408 4365 pecuniae
435 4308 462 4350 to
490 4300 604 4350 mmms.
651 4299 721 4349 Thus
773 4299 808 4362 (a)
821 4299 863 4349 the
875 4295 994 4349 tribune's
1007 4298 1073 4362 right
1085 4297 1113 4350 of
1127 4298 1221 4360 choise,
1236 4300 1272 4364 (b)
1284 4299 1328 4350 the

171 4383 240 4431 there
257 4400 299 4433 are
310 4383 369 4433 here
385 4383 422 4445 (as
440 4383 563 4433 Huschke
578 4399 613 4447 pp
627 4380 722 4445 145—6
774 4382 972 4447 fine-procedure
983 4381 1055 4432 itself.
1212 4386 1215 4391 '
