3000 5040
654 443 845 495 APPENDIX
1268 446 1328 508 109

204 637 206 641 ·
243 599 289 685 (2)
336 598 451 663 Cicero
476 597 518 660 de
542 595 644 658 domo
668 614 728 656 sua
753 591 773 675 ξ
797 594 838 654 82
866 589 924 654 ubi
941 590 1026 654 enim
1047 589 1169 653 tuleras
1189 599 1226 652 nt
1245 589 1331 653 milei

175 727 262 787 aqua
283 714 314 768 et
336 702 409 785 igni
430 698 695 765 interdiceretur?
727 696 816 779 qnod
837 694 866 761 C
886 694 1048 759 Gracchus
1065 694 1103 757 de
1126 694 1159 756 P
1182 692 1329 775 Popillia,

147 833 149 837 ¹
179 807 385 872 Saturninus
398 807 437 869 de
450 804 581 868 Metello
596 803 679 879 tulit,
691 801 834 865 lcomiues
847 799 1087 864 seditiosissimi
1099 799 1137 862 de
1151 798 1280 882 optimis
1293 820 1332 861 ac

168 908 369 991 fortissimis
389 906 535 980 civibus;
568 926 630 968 non
658 913 696 967 ut
720 913 800 967 esset
820 903 1034 980 interdictum,
1054 902 1142 984 quod
1156 902 1250 983 ferri
1267 922 1329 964 non

170 1012 469 1095 poterat‚·tnlerunt,
485 1009 544 1072 sed
556 1018 594 1071 ut
604 1007 854 1072 interdiceretur.

245 1144 290 1226 (3)
337 1143 454 1208 Cicero
470 1143 503 1205 in
521 1141 608 1206 Catil
625 1139 698 1224 1v§
719 1157 758 1203 10
773 1141 864 1203 videa
881 1140 920 1203 de
940 1139 1013 1203 istis
1032 1138 1091 1222 qui
1111 1160 1145 1201 se
1161 1138 1332 1221 populares

178 1248 292 1313 liaberi
309 1248 422 1311 volunt
439 1247 545 1311 obesse
564 1265 627 1308 non
645 1242 810 1318 neminem,
827 1265 866 1306 nc
879 1242 1031 1326 decapite
1049 1242 1193 1306 videlieet
1209 1242 1330 1305 ciuium

179 1350 402 1412 Romanorum
424 1346 614 1411 sententiam
632 1346 729 1427 ferat
730 1392 939 1409 ...............
943 1354 981 1407 at
1003 1365 1076 1408 vera
1097 1344 1126 1410 C
1144 1342 1264 1408 Caesar
1283 1345 1331 1407 in-

179 1452 299 1534 tellegit
319 1453 416 1534 legem
434 1450 658 1533 Semproniam
673 1471 737 1513 esse
752 1450 789 1512 de
803 1450 927 1514 civibus
941 1449 1102 1513 Romanis
1116 1450 1330 1525 constitutam,

179 1557 238 1640 qni
258 1566 366 1621 autem
389 1555 438 1620 rei
452 1555 598 1639 publicae
620 1554 667 1617 sit
687 1553 797 1633 bostis,
820 1574 892 1617 eum
918 1553 1016 1617 civem
1043 1554 1130 1618 ucello
1156 1555 1247 1617 modo
1270 1575 1334 1616 esse

172 1657 282 1743 posse:
313 1660 445 1742 deniqne
470 1659 574 1742 ipsum
599 1658 732 1722 latorem
754 1657 961 1740 Semproniae
980 1657 1060 1740 lege's
1080 1656 1205 1720 iniussu
1222 1656 1337 1740 populi

173 1777 295 1848 poenas
309 1763 510 1848 reipublicae
524 1761 710 1844 dependisse.

246 1900 293 1983 (4)
338 1901 371 1963 in
396 1899 484 1965 Catil
505 1897 557 1981 15
579 1902 620 1963 28
645 1898 707 1980 (his
727 1906 870 1980 country
892 1898 919 1960 is
942 1897 1121 1981 appealing
1144 1907 1180 1961 to
1203 1895 1331 1976 Cicero)

180 2003 263 2088 quid
285 2002 413 2066 tandem
437 2012 466 2066 te
490 2001 648 2083 impedit?
670 2021 777 2064 mosne
800 2000 992 2064 maiorum?
1013 2011 1050 2064 at
1065 2011 1213 2083 persaepe
1235 2000 1333 2063 etiam

174 2106 309 2190 privati
321 2106 356 2168 in
371 2106 431 2168 lcac
446 2126 479 2169 re
493 2105 622 2190 publiea
633 2104 828 2186 perniciosos
842 2102 927 2166 cives
942 2114 1041 2167 morte
1056 2102 1247 2167 multarunt.
1290 2121 1334 2162 an

181 2209 263 2292 leges
285 2229 365 2290 quoe
389 2206 571 2270 deciviam
597 2205 821 2269 Romanorum
845 2205 996 2287 supplicio
1015 2215 1145 2288 rogatae
1164 2204 1270 2269 sunt?
1299 2213 1337 2267 at

182 2332 360 2394 numquam
377 2310 411 2374 in
425 2310 486 2373 leae
500 2309 577 2373 urbe
590 2308 650 2391 qui
669 2329 691 2371 a
714 2329 747 2372 rc
765 2308 897 2390 publica
918 2308 1099 2389 defecerunt
1114 2309 1235 2372 civium
1260 2308 1335 2372 inra

184 2424 359 2479 tmncrnnt.

248 2549 296 2633 (5)
342 2548 442 2615 Schol
459 2548 606 2613 Ambros
623 2545 680 2631 (on
697 2548 729 2610 in
747 2545 916 2630 Cati11v§
933 2546 983 2631 10)
996 2545 1203 2612 seutentiam²
1218 2546 1337 2610 tulerat

183 2651 378 2738 [Gracchus]
396 2662 435 2716 ut
448 2672 486 2714 ne
499 2650 574 2734 quis
589 2651 623 2713 iu
638 2649 738 2713 civem
752 2650 939 2713 Romanum
959 2650 1126 2733 capitalem
1146 2650 1334 2713 sententiam

182 2759 303 2821 diceret.

248 2895 295 2980 (6)
342 2892 443 2960 Schol
459 2891 595 2957 Gronov
612 2891 706 2976 (ibid)
724 2893 789 2975 lege
805 2892 996 2976 Sempronia
1012 2892 1139 2957 iniussu
1146 2893 1261 2976 populi
1273 2915 1335 2958 non

183 2999 295 3064 licebat
307 2993 434 3080 qnaeri⁸
448 2995 600 3078 decapite
614 2995 695 3059 civis
709 2994 861 3058 Romani.

251 3133 298 3215 (7)
347 3134 432 3215 Livy
447 3147 539 3196 XXVI
564 3147 604 3214 33
621 3130 640 3215 ξ
661 3149 700 3196 10
716 3144 779 3215 per
795 3143 942 3197 senatum
957 3134 1017 3216 agi
1029 3133 1067 3197 de
1083 3134 1266 3217 Campanis,
1280 3136 1338 3217 qui

184 3239 266 3302 cives
280 3235 426 3299 Romani
437 3245 521 3312 sunt,
539 3234 667 3299 iniussn
680 3236 795 3318 populi
808 3256 871 3298 non
886 3237 977 3300 vedeo
984 3249 1083 3320 posse,
1101 3238 1194 3320 idque
1207 3250 1238 3303 et
1251 3241 1340 3321 apud

186 3341 322 3404 maiores
341 3348 465 3401 nostros
486 3337 527 3439 in*
545 3338 734 3401 Satricanis
747 3339 881 3420 factum
904 3359 975 3415 csse,
996 3360 1068 3403 cnm
1087 3341 1276 3421 defecissent,
1301 3352 1339 3405 nt

185 3446 231 3508 M
245 3443 414 3508 Antistius
439 3441 708 3524 tribunusplebis
723 3444 821 3526 prcus
845 3443 1043 3526 rogationem
1059 3446 1168 3527 ferret
1186 3447 1338 3528 sciretque

178 3546 267 3628 plebs
280 3546 334 3609 uti
344 3544 475 3608 senatui
486 3544 525 3607 de
541 3544 728 3608 Satricanis
740 3546 913 3610 sententiae
927 3546 1076 3610 dicendae
1091 3547 1144 3611 ius
1157 3546 1257 3612 esset⁴.

252 3681 296 3763 (8)
344 3681 460 3745 Cicero
475 3680 518 3743 de
533 3679 635 3743 domo
651 3700 710 3743 sua
721 3679 741 3763 ξ
754 3698 792 3761 33
812 3681 905 3764 [dico]
921 3681 978 3745 lcoc
992 3683 1082 3747 nobis
1095 3704 1158 3746 esse
1171 3704 1193 3746 a
1205 3683 1337 3746 maiori-

187 3786 244 3849 bus
267 3783 427 3848 traditum
436 3807 452 3858 ,·
481 3784 538 3847 leoc
556 3804 620 3847 esse
642 3783 775 3866 deniqne
792 3785 964 3868 poprium
988 3785 1106 3850 liberae
1126 3785 1278 3862 civitatis,
1302 3795 1340 3849 ut

187 3887 273 3952 nibil
282 3889 321 3951 de
334 3887 433 3971 capite
447 3888 529 3951 cives
543 3898 604 3952 out
617 3889 656 3951 de
670 3887 760 3952 banis
778 3889 848 3953 sine
867 3889 986 3952 indicio
1004 3900 1135 3953 senatus
1151 3899 1211 3953 aut
1227 3890 1342 3972 populi

219 4064 230 4095 ¹
246 4063 283 4114 Of
290 4079 378 4113 course
391 4064 462 4127 legem
474 4063 494 4111 is
506 4070 598 4120 meant,
613 4064 663 4112 and
681 4080 737 4128 pro·
821 4064 832 4096 ⁴
849 4066 911 4115 This
919 4082 1023 4131 passage
1038 4067 1059 4117 is
1074 4068 1168 4132 quoted
1183 4068 1217 4132 by
1235 4068 1340 4133 Madvig

188 4145 263 4208 bably
279 4146 368 4195 should
385 4147 417 4195 be
428 4146 496 4206 read,
510 4162 537 4194 as
554 4146 644 4211 Zumpt
659 4162 739 4196 seems
790 4155 816 4197 to
826 4148 894 4198 shew
912 4149 965 4198 that
983 4149 1025 4200 the
1042 4150 1163 4214 principle
1179 4166 1230 4200 was
1247 4166 1279 4199 an
1296 4150 1339 4199 old

189 4233 215 4272 to
226 4225 306 4274 think.
754 4223 756 4227 ’
789 4243 846 4277 one.
880 4229 931 4277 For
957 4228 1001 4279 the
1028 4229 1090 4279 later
1112 4238 1208 4279 custom
1230 4245 1271 4279 see
1293 4229 1339 4280 Cic

221 4305 232 4338 ³
248 4308 310 4359 This
331 4326 378 4360 can
400 4310 460 4373 only
474 4309 538 4359 refer
557 4318 583 4358 to
600 4325 616 4358 a
632 4309 740 4372 quaestio
790 4309 880 4360 Brutus
891 4312 904 4368 ἕ
916 4312 954 4374 85.

191 4390 400 4450 extraordinaria,
414 4405 441 4440 as
453 4390 544 4454 Zumpt
554 4388 671 4439 remarks.
