3000 5040
498 439 589 489 capp
613 438 668 488 xn
693 439 763 487 xm
793 421 831 509 ἕξ
854 425 982 504 32-236
1276 422 1313 484 81

167 587 380 663 hominibus
403 600 512 688 atque
539 615 716 664 novarum
741 613 864 661 rerum
890 586 1039 683 eripuis,
1065 585 1110 658 ab
1136 583 1320 657 intestinis

167 707 286 795 males,
305 735 328 780 a
346 707 559 782 domesticis
577 707 746 781 consiliis
763 721 820 779 est
838 705 1055 778 cavendum.

247 849 304 918 34.
341 825 443 899 hisce
469 841 594 899 autem
623 825 735 897 malis
759 848 936 919 ruagnum
965 820 1193 919 praesidiuru
1221 817 1320 891 uobis

168 942 326 1016 maiores
354 944 478 1016 vestri
499 942 735 1039 reliquerunt,
758 967 880 1014 vocern
907 938 1006 1012 illam
1034 937 1205 1025 consuliS,
1236 934 1320 1033 ‘qui

168 1060 451 1156 rempublicam
478 1057 620 1133 salvam
648 1084 731 1131 esse
759 1057 909 1131 ooluut’.
964 1057 1049 1129 huic
1082 1056 1165 1130 voci
1193 1054 1320 1140 favete,

173 1176 346 1267 Quirites,
366 1201 476 1271 neque
491 1192 613 1249 vestro
633 1175 767 1249 iudicio
784 1173 1007 1248 abstuleritis
1025 1173 1114 1246 mihi
1122 1226 1319 1246 ............

171 1320 292 1394 neque
332 1293 542 1390 eripueritis
575 1295 632 1366 rei
653 1294 824 1389 publicae
855 1318 961 1389 spem
995 1291 1184 1378 libertatis,
1219 1299 1321 1386 spem

170 1410 310 1499 salutiS,
329 1435 436 1506 spem
453 1410 656 1506 dignitatis,

246 1550 307 1620 35.
341 1528 436 1622 quid
456 1527 640 1623 facerem,
667 1526 698 1600 si
728 1527 763 1599 T
795 1526 983 1599 Labienus
1009 1525 1158 1598 caedem
1187 1523 1323 1595 civium

161 1648 328 1745 fecisset,
358 1663 400 1720 ut
431 1648 463 1719 L
493 1647 727 1747 Saturninus,
757 1645 788 1716 si
817 1670 1001 1717 carcerem
1036 1642 1262 1738 refregisset,
1293 1640 1324 1712 si

174 1762 399 1860 Capitoliuru
426 1789 505 1835 curu
531 1763 690 1835 eruentis
720 1760 995 1857 occupavisset?
1031 1761 1190 1833 facerem
1221 1759 1324 1846 i'eleru,

172 1881 272 1977 quod
291 1881 323 1953 C
344 1879 487 1952 Marius
506 1879 600 1966 lecit,
620 1879 670 1950 ad
688 1895 859 1951 senatum
878 1879 1075 1974 referrem,
1094 1902 1164 1950 vos
1181 1875 1229 1948 ad
1247 1901 1325 1948 rem

174 1997 358 2096 publicam
382 1997 651 2094 defendundam
676 1997 898 2084 colrortarer,
924 2013 1087 2069 armatus
1109 1997 1184 2092 ipse
1203 1994 1326 2067 vobis-

174 2140 258 2187 cum
302 2123 440 2187 armata
482 2113 712 2186 obsisterem.
779 2139 885 2200 nuuc,
922 2113 1098 2209 quoniam
1141 2137 1327 2184 armorum

179 2233 341 2329 suspicio
363 2229 461 2303 nulla
485 2247 553 2319 est,
572 2229 647 2303 tela
670 2256 744 2303 non
763 2231 886 2317 vide0‚
907 2256 981 2303 non
1001 2231 1068 2317 viS,
1089 2255 1163 2303 non
1181 2231 1327 2316 caedes

178 2375 253 2423 non
286 2347 446 2444 Capitoli
476 2364 589 2445 atque
623 2347 717 2420 arcis
748 2347 916 2420 obsessio
947 2362 1014 2433 est,
1043 2346 1109 2418 sed
1144 2347 1329 2419 accusatio

175 2465 393 2564 perniciosa,
418 2465 591 2538 iudicium
617 2464 800 2551 acerbum,
820 2490 879 2537 res
904 2481 982 2536 tota
1005 2490 1028 2535 a
1045 2463 1192 2537 tribuno
1210 2462 1329 2560 plebis

178 2600 351 2680 suscepta
394 2596 523 2655 contra
565 2607 643 2654 rem
682 2580 890 2678 publicam:
934 2606 1008 2655 non
1044 2607 1113 2655 vos
1146 2581 1194 2654 ad
1228 2606 1332 2653 arma

178 2698 361 2772 vocandos
385 2724 464 2784 esse,
492 2723 618 2770 ueruru
643 2698 692 2770 ad
717 2698 893 2796 suffragia
922 2699 1171 2773 cohortandos
1203 2708 1332 2771 contra

180 2818 496 2915 oppugnationem
514 2833 660 2890 vestrae
679 2817 881 2890 maiestatis
899 2818 1036 2914 putavi.

255 2936 379 3031 itaque
406 2959 503 3007 nunc
530 2959 599 3005 vos
625 2959 756 3006 omnes
782 2960 849 3007 oro
874 2950 987 3031 atque
1004 2936 1172 3007 obtestor
1190 2935 1332 3008 hortor-

180 3083 253 3154 que
269 3084 276 3143 ;
303 3081 377 3130 non
397 3058 448 3129 ita
465 3081 546 3128 mos
565 3070 632 3142 est,
655 3053 846 3129 consulem
865 3082 948 3128 cum
967 3082 1007 3129 es
1010 3111 1330 3130 ...................

259 3175 379 3250 ΧΙΙΙ.
436 3175 686 3268 36....timet:
714 3160 906 3271 quihasce
931 3202 995 3249 ore
1019 3176 1177 3249 adverso
1201 3199 1270 3271 pro
1295 3199 1333 3246 re

183 3292 329 3390 publica
354 3292 541 3365 cicatrices
568 3319 611 3365 ac
639 3308 746 3364 notas
773 3293 920 3365 virtutis
946 3293 1099 3388 accepit,
1119 3291 1149 3364 is
1168 3290 1334 3388 nequod

216 3516 375 3575 intesums
389 3517 447 3587 etc]
467 3519 538 3573 later
555 3519 583 3571 in
600 3518 648 3570 the
668 3534 736 3587 year
785 3508 918 3571 claustras
929 3516 1050 3571 carceres
1066 3516 1209 3570 cauarelsis
1221 3518 1335 3585 raptura

183 3607 219 3660 he
240 3606 327 3675 urged
342 3606 397 3661 this
415 3607 495 3677 point
513 3623 591 3661 more
610 3604 736 3674 strongly
787 3605 960 3677 [Equitium]
974 3605 1100 3659 numeris
1117 3606 1178 3659 suis
1189 3609 1246 3675 per
1261 3620 1336 3656 sum-

185 3695 213 3747 in
227 3711 277 3764 pro
299 3696 364 3748 Mur
384 3694 414 3765 ᾗς
434 3694 546 3763 78-85,
564 3694 621 3747 and
640 3694 669 3746 in
688 3693 736 3746 the
786 3712 861 3747 nram
885 3695 1048 3747 animarum
1072 3693 1248 3746 alacritatem
1268 3693 1336 3759 par·

183 3783 317 3853 speeches
329 3784 440 3852 against
454 3783 573 3836 Catiline
580 3782 700 3851 passim.
785 3783 866 3834 tavit.

218 3867 293 3938 535.
330 3868 495 3937 carcerem]
528 3870 651 3938 perhaps
680 3868 736 3921 this
822 3867 953 3934 capitoli
966 3868 1057 3932 atque
1070 3865 1161 3934 ucis]
1176 3882 1223 3920 see
1237 3863 1337 3917 Burn's

184 3958 269 4012 refers
298 3967 329 4010 to
358 3956 432 4011 what
466 3957 617 4026 happened
656 3956 737 4008 when
790 3957 880 4010 Rome
900 3957 957 4010 and
976 3956 1023 4009 the
1046 3957 1212 4024 Campagna
1232 3970 1270 4023 pp
1288 3952 1338 4017 184

186 4044 331 4099 Gracchus
357 4043 507 4113 (Equitius,
527 4060 575 4098 sce
596 4059 632 4095 on
657 4040 671 4111 fi
693 4043 738 4111 20)
786 4044 842 4097 soll.

185 4149 241 4186 was
254 4149 271 4184 a
283 4131 435 4185 candidate
447 4131 490 4185 for
503 4131 550 4184 the
563 4129 738 4199 tribuneship
823 4126 1009 4196 maiestatis]
1030 4145 1077 4182 see
1091 4144 1128 4180 on
1145 4124 1159 4196 ἕ
1172 4142 1213 4180 20.

185 4218 251 4287 and,
265 4218 372 4287 having
392 4217 485 4272 raised
502 4235 539 4271 an
558 4234 668 4286 uproar,
682 4234 738 4270 was
824 4213 839 4284 ἕ
851 4216 893 4283 36.
932 4212 1102 4281 cicatrices]
1129 4231 1170 4267 we
1193 4213 1265 4266 need
1289 4221 1339 4266 not

186 4306 361 4376 imprisoned
377 4305 416 4373 by
432 4305 549 4359 Marius
587 4307 644 4358 For
662 4305 740 4373 then,
791 4321 914 4374 suppose
928 4303 989 4356 that
1002 4302 1081 4356 these
1099 4319 1171 4357 were
1188 4318 1254 4370 very
1271 4302 1340 4356 seri·

186 4411 252 4463 says
261 4392 392 4448 Valerius
406 4393 475 4447 Max
485 4405 520 4446 lx
533 4405 549 4459 7
562 4388 577 4460 ἕ
592 4407 602 4445 1
612 4393 741 4463 paperlns
792 4408 851 4444 ous.
890 4389 987 4442 Cicero
1000 4404 1037 4440 no
1052 4387 1140 4440 doubt
1153 4387 1243 4441 would
1257 4387 1340 4441 make

273 4505 310 4556 H.
327 4506 356 4556 C.
1232 4490 1253 4551 6
