3000 5040
243 439 261 484 2
672 430 962 483 INTRODUCTION

307 585 361 668 (β)
406 587 523 652 Cicero
537 587 581 651 de
595 586 697 650 domo
713 605 773 648 sua
787 582 827 668 ἐξ
842 581 950 662 45-6
965 601 1043 645 nam
1057 599 1130 643 cum
1145 589 1214 642 tam
1229 575 1396 641 moderata

241 688 364 754 iudicia
376 691 490 774 populi
501 690 572 755 sint
587 710 609 753 a
629 687 808 753 maioribus
825 684 1006 762 constituta,
1017 684 1167 766 primum
1187 691 1227 746 nt
1245 702 1284 744 ue
1293 690 1396 762 poena

239 795 354 877 eapitis
366 816 438 859 cum
456 794 594 876 pecunia
608 794 830 876 coniungatur,
844 789 959 855 deinde
980 811 1020 853 ue
1041 787 1232 871 improdicta
1251 786 1305 850 dic
1322 784 1396 867 quis

240 907 410 974 accusetur,
428 908 467 962 nt
488 909 538 962 ter
553 908 628 962 ante
651 898 868 980 magistratus
886 903 1007 958 accnset
1023 893 1210 957 intermissa
1228 890 1281 954 die
1297 910 1396 972 qnam

240 999 379 1062 multam
399 999 521 1082 irroget
534 1009 595 1063 aut
609 999 732 1074 iuducet,
747 1008 867 1080 quarta
886 997 934 1060 sit
951 994 1110 1060 accusatio
1128 994 1254 1057 trinum
1277 991 1396 1055 nundi-

241 1122 320 1166 num
335 1101 485 1185 prodicta
509 1102 568 1180 die,
593 1123 654 1185 quo
678 1102 732 1166 die
756 1100 913 1166 iudicium
935 1100 984 1164 sit
998 1101 1169 1181 futurum,
1194 1107 1265 1161 tum
1289 1094 1394 1160 multa

239 1205 337 1268 etiam
358 1205 407 1268 ad
418 1206 617 1287 placandum
637 1216 732 1288 atque
746 1205 794 1268 aa'
811 1203 1067 1269 misericordiam
1082 1202 1147 1266 reis
1160 1220 1302 1264 concessa
1316 1199 1392 1270 sint,

239 1309 353 1374 deinde
368 1311 540 1376 morabilis
549 1310 694 1393 populus,
706 1309 826 1391 facilis
842 1307 1038 1391 suffragatio
1052 1317 1116 1388 pro
1132 1305 1244 1379 salute,
1262 1302 1396 1384 denique

239 1412 386 1477 etiamsi
397 1435 462 1496 qua
477 1436 527 1478 res
542 1415 636 1478 illum
651 1413 736 1477 dnm
747 1423 808 1476 ant
816 1410 970 1494 auspiciis
980 1420 1041 1474 aut
1048 1408 1246 1472 excusatione
1252 1404 1396 1477 sustulit,

240 1526 307 1581 tota
324 1537 422 1581 causa
442 1517 659 1599 iudiciumque
675 1515 840 1579 sublatum
860 1512 1042 1578 sits-baec
1062 1532 1134 1575 cnm
1151 1511 1200 1574 ita
1214 1509 1284 1573 sint
1297 1509 1332 1572 in
1348 1505 1398 1571 re²

241 1619 300 1683 ubi
311 1620 430 1683 crinun
445 1630 493 1683 est
506 1621 563 1684 nbi
575 1629 740 1683 accusator
753 1618 812 1682 ubi
824 1627 923 1693 testes,
938 1616 1021 1699 qnid
1033 1613 1204 1696 indignius
1224 1633 1322 1695 quam
1340 1610 1399 1694 qui

241 1744 340 1805 neque
360 1723 469 1786 adesse
489 1723 536 1787 sit
560 1721 668 1786 iussus
690 1743 788 1804 neque
808 1722 927 1784 citatus
949 1739 1048 1800 neque
1068 1727 1241 1794 aecusatus,
1265 1716 1305 1779 de
1328 1715 1397 1778 eius

240 1826 340 1907 capite
357 1824 467 1889 liberis
483 1824 636 1906 fortunis
656 1824 805 1889 omnibns
818 1822 983 1888 conductos
996 1831 1028 1885 ct
1040 1821 1175 1885 sicarios
1188 1828 1221 1884 et
1232 1817 1353 1903 egentis
1366 1827 1398 1882 et

233 1927 377 2011 perditos
390 1926 590 2011 suffragium
596 1927 689 2009 ferre
703 1937 734 1990 ct
747 1948 817 1990 eam
833 1928 931 2009 legem
938 1925 1085 2008 putare?

308 2063 354 2148 (γ)
402 2065 519 2130 Cicero
534 2066 576 2130 de
593 2064 721 2148 legibus
737 2079 781 2128 111
796 2063 817 2149 ξ
834 2065 875 2145 36
890 2086 953 2127 uno
975 2063 1010 2126 iu
1027 2085 1142 2147 genere
1155 2063 1297 2144 relinqui
1310 2060 1398 2124 vidc-

243 2166 432 2232 batnrvocis
441 2167 647 2250 suffragium,
660 2167 747 2250 qnod
759 2167 823 2250 ipse
835 2166 967 2234 Cassius
975 2177 1140 2250 exceperat,
1148 2165 1398 2248 perduellionis:

240 2269 331 2334 dedit
351 2270 426 2335 bnz'c
447 2291 568 2353 quoqne
590 2270 707 2334 iudicio
730 2269 760 2336 C
778 2271 907 2337 Caclius
932 2270 1081 2334 tabellam
1107 2269 1269 2351 doluitque
1291 2267 1401 2351 quoad

242 2373 329 2436 venit
340 2395 380 2451 sc,
396 2359 435 2438 ut
447 2375 634 2457 oppriuuret
650 2373 678 2440 C
689 2374 866 2457 Popilium,
882 2372 1022 2437 nocuisse
1036 2372 1244 2455 reipublicae.

310 2511 355 2596 (δ)
396 2512 607 2598 Livy126§§
621 2528 704 2596 5-9
716 2525 812 2579 atron
825 2514 933 2579 visum
949 2515 989 2580 id
992 2514 1130 2597 facinus
1138 2513 1291 2597 patribus
1298 2513 1399 2595 plebi·

243 2637 309 2700 qne,
324 2617 382 2680 sed
398 2640 501 2682 recens
523 2619 676 2683 meritum
682 2620 777 2700 facto
791 2619 943 2684 obstabat.
987 2630 1095 2682 tamen
1109 2629 1223 2700 raptus
1238 2617 1272 2680 in
1289 2616 1341 2678 ins
1355 2613 1404 2677 ad

243 2740 355 2803 regem.
402 2742 464 2795 reu,
481 2743 519 2784 ne
534 2721 597 2804 ipse
613 2731 681 2784 tam
702 2722 809 2786 tristis
830 2721 1015 2805 ingratique
1031 2721 1080 2784 ad
1097 2720 1217 2804 vulgus
1232 2719 1348 2782 indicii
1360 2739 1399 2780 ac

240 2822 412 2886 secundum
430 2822 585 2886 iudicium
599 2823 749 2906 supplicii
760 2835 872 2888 auctor
884 2835 971 2900 esset,
983 2824 1112 2888 concilio
1119 2823 1235 2906 populi
1246 2821 1397 2883 advocato

241 2924 440 3003 duumviros,
456 2925 571 3007 inquit,
585 2927 644 3009 qni
657 2927 797 2991 Horatio
811 2927 1059 3011 perduellionem
1076 2925 1215 2988 indicent
1227 2923 1398 2987 secuudum

243 3028 340 3111 legem
351 3030 452 3110 facio.
496 3031 548 3093 lex
564 3030 719 3095 lcorrendi
739 3032 896 3097 carminis
914 3042 1002 3096 erat:
1025 3029 1198 3093 duumviri
1206 3027 1397 3109 perduellio-

241 3151 312 3192 nem
328 3130 490 3204 indiccnt‚·
511 3132 544 3195 si
556 3138 579 3197 a
592 3133 781 3197 duumviris
795 3133 989 3215 provocarit,
1009 3131 1235 3214 provocatione
1253 3140 1370 3194 certato
1381 3150 1396 3201 ‚·

240 3231 275 3296 si
286 3234 420 3311 vincent,
434 3245 530 3316 capnt
542 3237 710 3310 obnubito;
734 3237 857 3319 infelici
870 3235 983 3301 arbori
1003 3245 1082 3299 reste
1099 3235 1305 3315 suspendito‚·
1329 3255 1398 3296 ver·

240 3337 348 3401 beruto
363 3339 416 3401 vel
427 3340 516 3402 intra
529 3341 711 3422 pomerium
727 3339 780 3402 vel
791 3350 882 3402 cntra
890 3338 1082 3421 pomerium.
1127 3337 1188 3400 lcac
1202 3338 1267 3419 lege
1280 3337 1397 3400 dnum-

242 3441 313 3504 niri
334 3442 440 3519 creati,
465 3443 524 3525 qni
544 3464 578 3505 se
599 3443 760 3507 absolvere
778 3463 841 3505 nou
861 3443 1017 3506 rebantur
1032 3461 1069 3504 ea
1087 3442 1152 3523 lege
1172 3462 1210 3503 nc
1229 3441 1397 3504 innoxium

241 3538 368 3625 quidem
377 3555 477 3626 posse,
492 3566 563 3608 cum
578 3546 842 3621 condemnassent,
859 3554 928 3607 tum
943 3545 1028 3608 alter
1040 3544 1142 3621 exeis,
1154 3543 1258 3607 Publi
1265 3542 1399 3617 Horati,

243 3645 304 3709 tibi
309 3647 558 3728 perduellionem
574 3648 686 3725 indico,
702 3646 817 3729 iuquit.
853 3647 953 3723 lictor,
968 3646 1094 3728 conliga
1109 3666 1234 3709 manus.
1270 3665 1400 3707 accesse-

202 3732 206 3739 ²
242 3758 299 3813 rat
321 3749 415 3812 lictor
437 3748 645 3832 iniciebatque
667 3752 825 3833 laqueum.
872 3761 942 3815 tum
962 3749 1128 3813 Horatius
1147 3757 1274 3810 auctore
1293 3747 1397 3825 Tullo,

241 3851 388 3914 clemente
412 3851 491 3933 legis
514 3852 690 3934 interprete,
711 3863 852 3934 provoco,
882 3852 998 3934 inquit.
1044 3851 1092 3915 ita
1116 3850 1156 3913 de
1176 3850 1401 3930 provocatione

242 3965 399 4018 certatum
424 3955 473 4017 ad
491 3954 648 4036 papulum
672 3966 725 4019 est.
779 3956 859 4019 moti
879 3956 1023 4019 leomirees
1047 3965 1126 4019 sunt
1153 3955 1188 4018 in
1218 3975 1251 4016 eo
1282 3955 1399 4018 indicio

245 4058 386 4122 manime
408 4058 442 4120 P
468 4057 610 4120 Horatio
632 4067 731 4139 patre
751 4059 974 4141 proclamante
996 4080 1030 4121 se
1043 4058 1159 4146 filiam
1186 4056 1256 4120 iure
1277 4079 1401 4121 caesam

274 4214 406 4280 'Madvig
425 4217 576 4277 (adversaria
595 4228 618 4266 11
641 4233 658 4282 p
679 4219 736 4280 217)
759 4234 795 4267 re·
846 4218 877 4267 iu
894 4234 933 4268 rea
947 4217 1096 4267 ubicrimcn
1112 4223 1152 4266 est.
1189 4217 1229 4266 To
1245 4234 1301 4266 rens
1317 4219 1339 4269 is
1355 4235 1400 4282 op-

243 4298 327 4347 marks
338 4299 392 4347 that
404 4299 453 4348 this
464 4299 555 4348 should
566 4299 630 4349 have
644 4299 709 4348 been
727 4299 756 4347 in
768 4316 796 4348 ea
846 4299 925 4363 posed
946 4300 993 4365 qui
1011 4306 1165 4364 neque...etc.
1192 4300 1234 4349 He
1258 4300 1312 4350 also
1329 4301 1400 4350 reads

242 4397 269 4431 re
278 4381 323 4430 ubi
331 4381 423 4430 crimen
431 4381 471 4431 sit.
507 4382 550 4431 He
562 4381 683 4431 therefore
693 4381 796 4431 emends
841 4381 1078 4449 putarisorputare
1088 4381 1178 4431 belovc.
